@INPROCEEDINGS{LCS-001,
   AUTHOR = {Guzman, Gualberto A. and Serigos, Jacqueline and Bullock, Barbara E. and Toribio, Almeida Jacqueline},
   SORTNAME = {Guzman, Gualberto A. and Serigos, Jacqueline and Bullock, Barbara E. and Toribio, Almeida Jacqueline},
   TITLE = {Simple Tools for Exploring Variation in Code-switching for Linguists}}
@INPROCEEDINGS{LCS-100,
   AUTHOR = {Al-Badrashiny, Mohamed and Diab, Mona},
   SORTNAME = {Al-Badrashiny, Mohamed and Diab, Mona},
   TITLE = {The George Washington University System for the Code-Switching Workshop Shared Task 2016}}
@INPROCEEDINGS{LCS-101,
   AUTHOR = {Xia, Meng Xuan},
   SORTNAME = {Xia, Meng Xuan},
   TITLE = {Codeswitching language identification using Subword Information Enriched Word Vectors}}
@INPROCEEDINGS{LCS-102,
   AUTHOR = {Jaech, Aaron and Mulcaire, George and Ostendorf, Mari and Smith, Noah A.},
   SORTNAME = {Jaech, Aaron and Mulcaire, George and Ostendorf, Mari and Smith, Noah A.},
   TITLE = {A Neural Model for Language Identification in Code-Switched Tweets}}
@INPROCEEDINGS{LCS-103,
   AUTHOR = {Shirvani, Rouzbeh and Piergallini, Mario and Gautam, Gauri Shankar and Chouikha, Mohamed},
   SORTNAME = {Shirvani, Rouzbeh and Piergallini, Mario and Gautam, Gauri Shankar and Chouikha, Mohamed},
   TITLE = {The Howard University System Submission for the Shared Task in Language Identification in Spanish-English Codeswitching}}
@INPROCEEDINGS{LCS-104,
   AUTHOR = {Chanda, Arunavha and Das, Dipankar and Mazumdar, Chandan},
   SORTNAME = {Chanda, Arunavha and Das, Dipankar and Mazumdar, Chandan},
   TITLE = {Columbia-Jadavpur submission for EMNLP 2016 Code-Switching Workshop Shared Task: System description}}
@INPROCEEDINGS{LCS-105,
   AUTHOR = {Samih, Younes and Maharjan, Suraj and Attia, Mohammed and Kallmeyer, Laura and Solorio, Thamar},
   SORTNAME = {Samih, Younes and Maharjan, Suraj and Attia, Mohammed and Kallmeyer, Laura and Solorio, Thamar},
   TITLE = {Multilingual Code-switching Identification via LSTM Recurrent Neural Networks}}
@INPROCEEDINGS{LCS-106,
   AUTHOR = {Shrestha, Prajwol},
   SORTNAME = {Shrestha, Prajwol},
   TITLE = {Codeswitching Detection via Lexical Features in Conditional Random Fields}}
@INPROCEEDINGS{LCS-107,
   AUTHOR = {Sikdar, Utpal Kumar and Gambäck, Björn},
   SORTNAME = {Sikdar, Utpal Kumar and Gamback, Bjorn},
   TITLE = {Language Identification in Code-Switched Text Using Conditional Random Fields and Babelnet}}
@INPROCEEDINGS{LCS-108,
   AUTHOR = {Molina, Giovanni and AlGhamdi, Fahad and Ghoneim, Mahmoud and Hawwari, Abdelati and Rey-Villamizar, Nicolas and Diab, Mona and Solorio, Thamar},
   SORTNAME = {Molina, Giovanni and AlGhamdi, Fahad and Ghoneim, Mahmoud and Hawwari, Abdelati and Rey-Villamizar, Nicolas and Diab, Mona and Solorio, Thamar},
   TITLE = {Overview for the Second Shared Task on Language Identification in Code-Switched Data}}
@INPROCEEDINGS{LCS-011,
   AUTHOR = {Samih, Younes and Maier, Wolfgang and Kallmeyer, Laura},
   SORTNAME = {Samih, Younes and Maier, Wolfgang and Kallmeyer, Laura},
   TITLE = {SAWT: Sequence Annotation Web Tool}}
@INPROCEEDINGS{LCS-012,
   AUTHOR = {Piergallini, Mario and Shirvani, Rouzbeh and S. Gautam, Gauri and Chouikha, Mohamed},
   SORTNAME = {Piergallini, Mario and Shirvani, Rouzbeh and S. Gautam, Gauri and Chouikha, Mohamed},
   TITLE = {Word-Level Language Identification and Predicting Codeswitching Points in Swahili-English Language Data}}
@INPROCEEDINGS{LCS-002,
   AUTHOR = {Xia, Meng Xuan and Cheung, Jackie Chi Kit},
   SORTNAME = {Xia, Meng Xuan and Cheung, Jackie Chi Kit},
   TITLE = {Accurate Pinyin-English Codeswitched Language Identification}}
@INPROCEEDINGS{LCS-003,
   AUTHOR = {Ghosh, Souvick and Ghosh, Satanu and Das, Dipankar},
   SORTNAME = {Ghosh, Souvick and Ghosh, Satanu and Das, Dipankar},
   TITLE = {Part-of-speech Tagging of Code-Mixed Social Media Text}}
@INPROCEEDINGS{LCS-005,
   AUTHOR = {Barman, Utsab and Wagner, Joachim and Foster, Jennifer},
   SORTNAME = {Barman, Utsab and Wagner, Joachim and Foster, Jennifer},
   TITLE = {Part-of-speech Tagging of Code-mixed Social Media Content: Pipeline, Stacking and Joint Modelling}}
@INPROCEEDINGS{LCS-006,
   AUTHOR = {Chanda, Arunavha and Das, Dipankar and Mazumdar, Chandan},
   SORTNAME = {Chanda, Arunavha and Das, Dipankar and Mazumdar, Chandan},
   TITLE = {Unraveling the English-Bengali Code-Mixing Phenomenon}}
@INPROCEEDINGS{LCS-007,
   AUTHOR = {Çetinoğlu, Özlem and Schulz, Sarah and Vu, Ngoc Thang},
   SORTNAME = {Cetinoglu, Ozlem and Schulz, Sarah and Vu, Ngoc Thang},
   TITLE = {Challenges of Computational Processing of Code-Switching}}
@INPROCEEDINGS{LCS-009,
   AUTHOR = {AlGhamdi, Fahad and Molina, Giovanni and Diab, Mona and Solorio, Thamar and Hawwari, Abdelati and Soto, Victor and Hirschberg, Julia},
   SORTNAME = {AlGhamdi, Fahad and Molina, Giovanni and Diab, Mona and Solorio, Thamar and Hawwari, Abdelati and Soto, Victor and Hirschberg, Julia},
   TITLE = {Part of Speech Tagging for Code Switched Data}}
