@INPROCEEDINGS{CNS-010,
   AUTHOR = {Eisenberg, Joshua and Finlayson, Mark},
   SORTNAME = {Eisenberg, Joshua and Finlayson, Mark},
   TITLE = {Automatic Identification of Narrative Diegesis and Point of View}}
@INPROCEEDINGS{CNS-013,
   AUTHOR = {Poghosyan, Gevorg and Ifrim, Georgiana},
   SORTNAME = {Poghosyan, Gevorg and Ifrim, Georgiana},
   TITLE = {Real-time News Story Detection and Tracking with Hashtags}}
@INPROCEEDINGS{CNS-016,
   AUTHOR = {Caswell, David},
   SORTNAME = {Caswell, David},
   TITLE = {Computable News Ecosystems: Roles for Humans and Machines}}
@INPROCEEDINGS{CNS-002,
   AUTHOR = {Bruggermann, Daniel and Hermey, Yannik and Orth, Carsten and Schneider, Darius and Selzer, Stefan and Spanakis, Gerasimos},
   SORTNAME = {Bruggermann, Daniel and Hermey, Yannik and Orth, Carsten and Schneider, Darius and Selzer, Stefan and Spanakis, Gerasimos},
   TITLE = {Storyline detection and tracking using Dynamic Latent Dirichlet Allocation}}
@INPROCEEDINGS{CNS-004,
   AUTHOR = {O'Gorman, Tim and Wright-Bettner, Kristin and Palmer, Martha},
   SORTNAME = {O'Gorman, Tim and Wright-Bettner, Kristin and Palmer, Martha},
   TITLE = {Richer Event Description: Integrating event coreference with temporal, causal and bridging annotation}}
@INPROCEEDINGS{CNS-005,
   AUTHOR = {Caselli, Tommaso and Vossen, Piek},
   SORTNAME = {Caselli, Tommaso and Vossen, Piek},
   TITLE = {The Storyline Annotation and Representation Scheme (StaR): A Proposal}}
@INPROCEEDINGS{CNS-008,
   AUTHOR = {Simonson, Dan and Davis, Anthony},
   SORTNAME = {Simonson, Dan and Davis, Anthony},
   TITLE = {NASTEA: Investigating Narrative Schemas through Annotated Entities}}
@INPROCEEDINGS{CNS-009,
   AUTHOR = {Krishnan, Vinodh and Eisenstein, Jacob},
   SORTNAME = {Krishnan, Vinodh and Eisenstein, Jacob},
   TITLE = {Nonparametric Bayesian Storyline Detection from Microtexts}}
