@INPROCEEDINGS{NLPSM-013,
   AUTHOR = {Dredze, Mark and Andrews, Nicholas and DeYoung, Jay},
   SORTNAME = {Dredze, Mark and Andrews, Nicholas and DeYoung, Jay},
   TITLE = {Twitter at the Grammys: A Social Media Corpus for Entity Linking and Disambiguation}}
@INPROCEEDINGS{NLPSM-016,
   AUTHOR = {Hsieh, Yu-Lun and Chang, Yung-Chun and Chu, Chun-Han and Hsu, Wen-Lian},
   SORTNAME = {Hsieh, Yu-Lun and Chang, Yung-Chun and Chu, Chun-Han and Hsu, Wen-Lian},
   TITLE = {How Do I Look? Publicity Mining From Distributed Keyword Representation of Socially Infused News Articles}}
@INPROCEEDINGS{NLPSM-018,
   AUTHOR = {Navindgi, Amit and Brun, Caroline and Boulard Masson, Cécile and Nowson, Scott},
   SORTNAME = {Navindgi, Amit and Brun, Caroline and Boulard Masson, Cecile and Nowson, Scott},
   TITLE = {Steps Toward Automatic Understanding of the Function of Affective Language in Support Groups}}
@INPROCEEDINGS{NLPSM-019,
   AUTHOR = {Eisner, Ben and Rocktäschel, Tim and Augenstein, Isabelle and Bosnjak, Matko and Riedel, Sebastian},
   SORTNAME = {Eisner, Ben and Rocktaschel, Tim and Augenstein, Isabelle and Bosnjak, Matko and Riedel, Sebastian},
   TITLE = {emoji2vec: Learning Emoji Representations from their Description}}
@INPROCEEDINGS{NLPSM-020,
   AUTHOR = {Stowe, Kevin and Paul, Michael J. and Palmer, Martha and Palen, Leysia and Anderson, Kenneth},
   SORTNAME = {Stowe, Kevin and Paul, Michael J. and Palmer, Martha and Palen, Leysia and Anderson, Kenneth},
   TITLE = {Identifying and Categorizing Disaster-Related Tweets}}
@INPROCEEDINGS{NLPSM-023,
   AUTHOR = {Fang, Hao and Cheng, Hao and Ostendorf, Mari},
   SORTNAME = {Fang, Hao and Cheng, Hao and Ostendorf, Mari},
   TITLE = {Learning Latent Local Conversation Modes for Predicting Comment Endorsement in Online Discussions}}
@INPROCEEDINGS{NLPSM-025,
   AUTHOR = {Jaech, Aaron and Mulcaire, George and Hathi, Shobhit and Ostendorf, Mari and Smith, Noah A.},
   SORTNAME = {Jaech, Aaron and Mulcaire, George and Hathi, Shobhit and Ostendorf, Mari and Smith, Noah A.},
   TITLE = {Hierarchical Character-Word Models for Language Identification}}
@INPROCEEDINGS{NLPSM-026,
   AUTHOR = {Kim, Sunghwan Mac and Wan, Stephen and Paris, Cecile},
   SORTNAME = {Kim, Sunghwan Mac and Wan, Stephen and Paris, Cecile},
   TITLE = {Detecting Social Roles in Twitter}}
@INPROCEEDINGS{NLPSM-028,
   AUTHOR = {Pappas, Nikolaos and Popescu-Belis, Andrei},
   SORTNAME = {Pappas, Nikolaos and Popescu-Belis, Andrei},
   TITLE = {Human versus Machine Attention in Document Classification: A Dataset with Crowdsourced Annotations}}
@INPROCEEDINGS{NLPSM-031,
   AUTHOR = {Doggett, Erika and Cantarero, Alejandro},
   SORTNAME = {Doggett, Erika and Cantarero, Alejandro},
   TITLE = {Identifying Eyewitness News-worthy Events on Twitter}}
@INPROCEEDINGS{NLPSM-033,
   AUTHOR = {Jain, Siddharth},
   SORTNAME = {Jain, Siddharth},
   TITLE = {Identifying Sensible Participants in Online Discussions}}
@INPROCEEDINGS{NLPSM-035,
   AUTHOR = {Fang, Rui and Nourbakhsh, Armineh and LIU, XIAOMO and Shah, Sameena and Li, Quanzhi},
   SORTNAME = {Fang, Rui and Nourbakhsh, Armineh and LIU, XIAOMO and Shah, Sameena and Li, Quanzhi},
   TITLE = {Witness Identification in Twitter}}
@INPROCEEDINGS{NLPSM-008,
   AUTHOR = {Sadeque, Farig and Pedersen, Ted and Solorio, Thamar and Shrestha, Prasha and Rey-Villamizar, Nicolas and Bethard, Steven},
   SORTNAME = {Sadeque, Farig and Pedersen, Ted and Solorio, Thamar and Shrestha, Prasha and Rey-Villamizar, Nicolas and Bethard, Steven},
   TITLE = {Why Do They Leave: Modeling Participation in Online Depression Forums}}
