%% This BibTeX bibliography file was created using BibDesk.
%% http://bibdesk.sourceforge.net/


%% Created for Somasundaran, Swapna at 2016-10-10 17:51:55 -0400 


%% Saved with string encoding Unicode (UTF-8) 



@inproceedings{NLPSM,
	Author = {Yung-jen Hsu, Jane and  Ku, Lun-Wei and Li, Cheng-Te},
	Date-Added = {2016-10-10 21:46:26 +0000},
	Date-Modified = {2016-10-10 21:51:55 +0000},
	Sortname = {Yung-jen Hsu, Jane and  Ku, Lun-Wei and Li, Cheng-Te},
	Title = { SocialNLP 2016: The 4th International Workshop on Natural Language Processing for Social Media}}

@inproceedings{Louhi,
	Author = {Grouin, Cyril and  Hamon, Thierry and  N{\'e}v{\'e}ol, Aur{\'e}lie and  Zweigenbaum, Pierre },
	Date-Added = {2016-10-10 21:38:07 +0000},
	Date-Modified = {2016-10-10 21:45:03 +0000},
	Sortname = {Grouin, Cyril and  Hamon, Thierry and  N{\'e}v{\'e}ol, Aur{\'e}lie and  Zweigenbaum, Pierre },
	Title = {Louhi 2016: the Seventh International Workshop on Health Text Mining and Information Analysis}}
