@INPROCEEDINGS{SPNLP-010,
   AUTHOR = {Tran, Ke M. and Bisk, Yonatan and Vaswani, Ashish and Marcu, Daniel and Knight, Kevin},
   SORTNAME = {Tran, Ke M. and Bisk, Yonatan and Vaswani, Ashish and Marcu, Daniel and Knight, Kevin},
   TITLE = {Unsupervised Neural Hidden Markov Models}}
@INPROCEEDINGS{SPNLP-011,
   AUTHOR = {Eisner, Jason},
   SORTNAME = {Eisner, Jason},
   TITLE = {Inside-Outside and Forward-Backward Algorithms Are Just Backprop (tutorial paper)}}
@INPROCEEDINGS{SPNLP-004,
   AUTHOR = {liu, zhuang and Huang, Degen and zhang, jing and huang, kaiyu},
   SORTNAME = {liu, zhuang and Huang, Degen and zhang, jing and huang, kaiyu},
   TITLE = {Research on attention memory networks as a model for learning natural language inference}}
@INPROCEEDINGS{SPNLP-006,
   AUTHOR = {Goyal, Naman and Eisenstein, Jacob},
   SORTNAME = {Goyal, Naman and Eisenstein, Jacob},
   TITLE = {A Joint Model of Rhetorical Discourse Structure and Summarization}}
@INPROCEEDINGS{SPNLP-007,
   AUTHOR = {Goyal, Kartik and Dyer, Chris},
   SORTNAME = {Goyal, Kartik and Dyer, Chris},
   TITLE = {Posterior regularization for Joint Modeling of Multiple Structured Prediction Tasks with Soft Constraints}}
@INPROCEEDINGS{SPNLP-008,
   AUTHOR = {Wolfe, Travis and Dredze, Mark and Van Durme, Benjamin},
   SORTNAME = {Wolfe, Travis and Dredze, Mark and Van Durme, Benjamin},
   TITLE = {A Study of Imitation Learning Methods for Semantic Role Labeling}}
@INPROCEEDINGS{SPNLP-009,
   AUTHOR = {Zhang, Xiao and Pacheco, Mar√≠a Leonor and Li, Chang and Goldwasser, Dan},
   SORTNAME = {Zhang, Xiao and Pacheco, Maria Leonor and Li, Chang and Goldwasser, Dan},
   TITLE = {Introducing DRAIL -- a Step Towards Declarative Deep Relational Learning}}
