@INPROCEEDINGS{CSS-001,
   AUTHOR = {Joseph, Kenneth and Carley, Kathleen M.},
   SORTNAME = {Joseph, Kenneth and Carley, Kathleen M.},
   TITLE = {Relating semantic similarity and semantic association to how humans label other people}}
@INPROCEEDINGS{CSS-011,
   AUTHOR = {Reddy, Sravana and Knight, Kevin},
   SORTNAME = {Reddy, Sravana and Knight, Kevin},
   TITLE = {Obfuscating Gender in Social Media Writing}}
@INPROCEEDINGS{CSS-012,
   AUTHOR = {Rosenthal, Sara and McKeown, Kathy},
   SORTNAME = {Rosenthal, Sara and McKeown, Kathy},
   TITLE = {Social Proof: The Impact of Author Traits on Influence Detection}}
@INPROCEEDINGS{CSS-018,
   AUTHOR = {Wilson, Steven and Mihalcea, Rada and Boyd, Ryan and Pennebaker, James},
   SORTNAME = {Wilson, Steven and Mihalcea, Rada and Boyd, Ryan and Pennebaker, James},
   TITLE = {Disentangling Topic Models: A Cross-cultural Analysis of Personal Values through Words}}
@INPROCEEDINGS{CSS-020,
   AUTHOR = {Beieler, John},
   SORTNAME = {Beieler, John},
   TITLE = {Generating Politically-Relevant Event Data}}
@INPROCEEDINGS{CSS-022,
   AUTHOR = {Poulston, Adam and Stevenson, Mark and Bontcheva, Kalina},
   SORTNAME = {Poulston, Adam and Stevenson, Mark and Bontcheva, Kalina},
   TITLE = {User profiling with geo-located posts and demographic data}}
@INPROCEEDINGS{CSS-023,
   AUTHOR = {Nay, John J.},
   SORTNAME = {Nay, John J.},
   TITLE = {Gov2Vec: Learning Distributed Representations of Institutions and Their Legal Text}}
@INPROCEEDINGS{CSS-025,
   AUTHOR = {Priante, Anna and Hiemstra, Djoerd and van den Broek, Tijs and Saeed, Aaqib and Ehrenhard, Michel and Need, Ariana},
   SORTNAME = {Priante, Anna and Hiemstra, Djoerd and van den Broek, Tijs and Saeed, Aaqib and Ehrenhard, Michel and Need, Ariana},
   TITLE = {\#WhoAmI in 160 Characters? Classifying Social Identities Based on Twitter Profile Descriptions}}
@INPROCEEDINGS{CSS-031,
   AUTHOR = {Johnson, Kristen and Goldwasser, Dan},
   SORTNAME = {Johnson, Kristen and Goldwasser, Dan},
   TITLE = {Identifying Stance by Analyzing Political Discourse on Twitter}}
@INPROCEEDINGS{CSS-032,
   AUTHOR = {Wang, Alex and Hamilton, William L. and Leskovec, Jure},
   SORTNAME = {Wang, Alex and Hamilton, William L. and Leskovec, Jure},
   TITLE = {Learning Linguistic Descriptors of User Roles in Online Communities}}
@INPROCEEDINGS{CSS-035,
   AUTHOR = {Kim, Sunghwan Mac and Wan, Stephen and Paris, Cecile and Brian, Jin and Robinson, Bella},
   SORTNAME = {Kim, Sunghwan Mac and Wan, Stephen and Paris, Cecile and Brian, Jin and Robinson, Bella},
   TITLE = {The Effects of Data Collection Methods in Twitter}}
@INPROCEEDINGS{CSS-039,
   AUTHOR = {Rheault, Ludovic},
   SORTNAME = {Rheault, Ludovic},
   TITLE = {Expressions of Anxiety in Political Texts}}
@INPROCEEDINGS{CSS-041,
   AUTHOR = {Makarov, Peter and Lorenzini, Jasmine and Kriesi, Hanspeter},
   SORTNAME = {Makarov, Peter and Lorenzini, Jasmine and Kriesi, Hanspeter},
   TITLE = {Constructing an Annotated Corpus for Protest Event Mining}}
@INPROCEEDINGS{CSS-042,
   AUTHOR = {Knowles, Rebecca and Carroll, Josh and Dredze, Mark},
   SORTNAME = {Knowles, Rebecca and Carroll, Josh and Dredze, Mark},
   TITLE = {Demographer: Extremely Simple Name Demographics}}
@INPROCEEDINGS{CSS-043,
   AUTHOR = {Handler, Abram and Denny, Matthew and Wallach, Hanna and O'Connor, Brendan},
   SORTNAME = {Handler, Abram and Denny, Matthew and Wallach, Hanna and O'Connor, Brendan},
   TITLE = {Bag of What? Simple Noun Phrase Extraction for Text Analysis}}
@INPROCEEDINGS{CSS-044,
   AUTHOR = {Fraiberger, Samuel},
   SORTNAME = {Fraiberger, Samuel},
   TITLE = {News Sentiment and Cross-Country Fluctuations}}
@INPROCEEDINGS{CSS-045,
   AUTHOR = {Coppersmith, Glen and Hollingshead, Kristy and Schwartz, H. Andrew and Ireland, Molly and Resnik, Rebecca and Loveys, Kate and Foreman, April and Ingraham, Loring},
   SORTNAME = {Coppersmith, Glen and Hollingshead, Kristy and Schwartz, H. Andrew and Ireland, Molly and Resnik, Rebecca and Loveys, Kate and Foreman, April and Ingraham, Loring},
   TITLE = {The Clinical Panel: Leveraging Psychological Expertise During NLP Research}}
@INPROCEEDINGS{CSS-047,
   AUTHOR = {Waseem, Zeerak},
   SORTNAME = {Waseem, Zeerak},
   TITLE = {Are You a Racist or Am I Seeing Things? Annotator Influence on Hate Speech Detection on Twitter}}
@INPROCEEDINGS{CSS-005,
   AUTHOR = {Freitas, Jesse and Ji, Heng},
   SORTNAME = {Freitas, Jesse and Ji, Heng},
   TITLE = {Identifying News from Tweets}}
