@INPROCEEDINGS{TACL-001,
   AUTHOR = {Wang, Dingquan and Eisner, Jason},
   SORTNAME = {Wang, Dingquan and Eisner, Jason},
   TITLE = {The Galactic Dependencies Treebanks: Getting More Data by Synthesizing New Languages}}
@INPROCEEDINGS{TACL-002,
   AUTHOR = {Gorman, Kyle and Sproat, Richard},
   SORTNAME = {Gorman, Kyle and Sproat, Richard},
   TITLE = {Minimally supervised models for number normalization}}
@INPROCEEDINGS{TACL-003,
   AUTHOR = {Pelemans, Joris and Shazeer, Noam and Chelba, Ciprian},
   SORTNAME = {Pelemans, Joris and Shazeer, Noam and Chelba, Ciprian},
   TITLE = {Sparse Non-negative Matrix Language Modeling}}
@INPROCEEDINGS{TACL-004,
   AUTHOR = {Kiperwasser, Eliyahu and Goldberg, Yoav},
   SORTNAME = {Kiperwasser, Eliyahu and Goldberg, Yoav},
   TITLE = {Easy-First Dependency Parsing with Hierarchical Tree LSTMs}}
@INPROCEEDINGS{TACL-005,
   AUTHOR = {Zhou, Jie and Cao, Ying and Wang, Xuguang and Li, Peng and Xu, Wei},
   SORTNAME = {Zhou, Jie and Cao, Ying and Wang, Xuguang and Li, Peng and Xu, Wei},
   TITLE = {Deep Recurrent Models with Fast-Forward Connections for Neural Machine Translation}}
@INPROCEEDINGS{TACL-006,
   AUTHOR = {Shareghi, Ehsan and Petri, Matthias and Haffari, Gholamreza and Cohn, Trevor},
   SORTNAME = {Shareghi, Ehsan and Petri, Matthias and Haffari, Gholamreza and Cohn, Trevor},
   TITLE = {Fast, Small and Exact: Infinite-order Language Modelling with Compressed Suffix Trees}}
@INPROCEEDINGS{TACL-007,
   AUTHOR = {Goldwasser, Dan and Zhang, Xiao},
   SORTNAME = {Goldwasser, Dan and Zhang, Xiao},
   TITLE = {Understanding Satirical Articles Using Common-Sense}}
@INPROCEEDINGS{TACL-008,
   AUTHOR = {Althoff, Tim and Clark, Kevin and Leskovec, Jure},
   SORTNAME = {Althoff, Tim and Clark, Kevin and Leskovec, Jure},
   TITLE = {Large-scale Analysis of Counseling Conversations: An Application of Natural Language Processing to Mental Health}}
@INPROCEEDINGS{TACL-009,
   AUTHOR = {Schofield, Alexandra and Mimno, David},
   SORTNAME = {Schofield, Alexandra and Mimno, David},
   TITLE = {Comparing Apples to Apple: The Effects of Stemmers on Topic Models}}
