@INPROCEEDINGS{papers-1002,
   AUTHOR = {Anastasopoulos, Antonios and Chiang, David and Duong, Long},
   SORTNAME = {Anastasopoulos, Antonios and Chiang, David and Duong, Long},
   TITLE = {An Unsupervised Probability Model for Speech-to-Translation Alignment of Low-Resource Languages}}
@INPROCEEDINGS{papers-1008,
   AUTHOR = {Clark, Kevin and Manning, Christopher D.},
   SORTNAME = {Clark, Kevin and Manning, Christopher D.},
   TITLE = {Deep Reinforcement Learning for Mention-Ranking Coreference Models}}
@INPROCEEDINGS{papers-1017,
   AUTHOR = {Badgett, Allison and Huang, Ruihong},
   SORTNAME = {Badgett, Allison and Huang, Ruihong},
   TITLE = {Extracting Subevents via an Effective Two-phase Approach}}
@INPROCEEDINGS{papers-1028,
   AUTHOR = {Yu, Jianfei and Jiang, Jing},
   SORTNAME = {Yu, Jianfei and Jiang, Jing},
   TITLE = {Learning Sentence Embeddings with Auxiliary Tasks for Cross-Domain Sentiment Classification}}
@INPROCEEDINGS{papers-1037,
   AUTHOR = {Upadhyay, Shyam and Chang, Ming-Wei and Chang, Kai-Wei and Yih, Wen-tau},
   SORTNAME = {Upadhyay, Shyam and Chang, Ming-Wei and Chang, Kai-Wei and Yih, Wen-tau},
   TITLE = {Learning from Explicit and Implicit Supervision Jointly For Algebra Word Problems}}
@INPROCEEDINGS{papers-1038,
   AUTHOR = {Chen, Huimin and Sun, Maosong and Tu, Cunchao and Lin, Yankai and Liu, Zhiyuan},
   SORTNAME = {Chen, Huimin and Sun, Maosong and Tu, Cunchao and Lin, Yankai and Liu, Zhiyuan},
   TITLE = {Neural Sentiment Classification with User and Product Attention}}
@INPROCEEDINGS{papers-1039,
   AUTHOR = {Blodgett, Su Lin and Green, Lisa and O'Connor, Brendan},
   SORTNAME = {Blodgett, Su Lin and Green, Lisa and O'Connor, Brendan},
   TITLE = {Demographic Dialectal Variation in Social Media: A Case Study of African-American English}}
@INPROCEEDINGS{papers-1047,
   AUTHOR = {Trischler, Adam and Ye, Zheng and Yuan, Xingdi and Bachman, Philip and Sordoni, Alessandro and Suleman, Kaheer},
   SORTNAME = {Trischler, Adam and Ye, Zheng and Yuan, Xingdi and Bachman, Philip and Sordoni, Alessandro and Suleman, Kaheer},
   TITLE = {Natural Language Comprehension with the EpiReader}}
@INPROCEEDINGS{papers-1053,
   AUTHOR = {Yang, Yi and Chang, Ming-Wei and Eisenstein, Jacob},
   SORTNAME = {Yang, Yi and Chang, Ming-Wei and Eisenstein, Jacob},
   TITLE = {Toward Socially-Infused Information Extraction: Embedding Authors, Mentions, and Entities}}
@INPROCEEDINGS{papers-1059,
   AUTHOR = {Kikuchi, Yuta and Neubig, Graham and Sasano, Ryohei and Takamura, Hiroya and Okumura, Manabu},
   SORTNAME = {Kikuchi, Yuta and Neubig, Graham and Sasano, Ryohei and Takamura, Hiroya and Okumura, Manabu},
   TITLE = {Controlling Output Length in Neural Encoder-Decoders}}
@INPROCEEDINGS{papers-106,
   AUTHOR = {Dror, Rotem and Reichart, Roi},
   SORTNAME = {Dror, Rotem and Reichart, Roi},
   TITLE = {The Structured Weighted Violations Perceptron Algorithm}}
@INPROCEEDINGS{papers-1060,
   AUTHOR = {Qiu, Lin and Tu, Kewei and Yu, Yong},
   SORTNAME = {Qiu, Lin and Tu, Kewei and Yu, Yong},
   TITLE = {Context-Dependent Sense Embedding}}
@INPROCEEDINGS{papers-1061,
   AUTHOR = {Shi, Peng and Teng, Zhiyang and Zhang, Yue},
   SORTNAME = {Shi, Peng and Teng, Zhiyang and Zhang, Yue},
   TITLE = {Exploiting Mutual Benefits between Syntax and Semantic Roles using Neural Network}}
@INPROCEEDINGS{papers-1067,
   AUTHOR = {Bisk, Yonatan and Reddy, Siva and Blitzer, John and Hockenmaier, Julia and Steedman, Mark},
   SORTNAME = {Bisk, Yonatan and Reddy, Siva and Blitzer, John and Hockenmaier, Julia and Steedman, Mark},
   TITLE = {Evaluating Induced CCG Parsers on Grounded Semantic Parsing}}
@INPROCEEDINGS{papers-107,
   AUTHOR = {Wen, Tsung-Hsien and Gasic, Milica and Mrkšić, Nikola and Rojas Barahona, Lina M. and Su, Pei-Hao and Ultes, Stefan and Vandyke, David and Young, Steve},
   SORTNAME = {Wen, Tsung-Hsien and Gasic, Milica and Mrksic, Nikola and Rojas Barahona, Lina M. and Su, Pei-Hao and Ultes, Stefan and Vandyke, David and Young, Steve},
   TITLE = {Conditional Generation and Snapshot Learning in Neural Dialogue Systems}}
@INPROCEEDINGS{papers-1071,
   AUTHOR = {Kim, Yoon and Rush, Alexander M.},
   SORTNAME = {Kim, Yoon and Rush, Alexander M.},
   TITLE = {Sequence-Level Knowledge Distillation}}
@INPROCEEDINGS{papers-1072,
   AUTHOR = {Yavuz, Semih and Gur, Izzeddin and Su, Yu and Srivatsa, Mudhakar and Yan, Xifeng},
   SORTNAME = {Yavuz, Semih and Gur, Izzeddin and Su, Yu and Srivatsa, Mudhakar and Yan, Xifeng},
   TITLE = {Improving Semantic Parsing via Answer Type Inference}}
@INPROCEEDINGS{papers-1073,
   AUTHOR = {Firat, Orhan and Sankaran, Baskaran and Al-Onaizan, Yaser and Yarman Vural, Fatos T. and Cho, Kyunghyun},
   SORTNAME = {Firat, Orhan and Sankaran, Baskaran and Al-Onaizan, Yaser and Yarman Vural, Fatos T. and Cho, Kyunghyun},
   TITLE = {Zero-Resource Translation with Multi-Lingual Neural Machine Translation}}
@INPROCEEDINGS{papers-1075,
   AUTHOR = {Bertero, Dario and Siddique, Farhad Bin and Wu, Chien-Sheng and Wan, Yan and Chan, Ricky Ho Yin and Fung, Pascale},
   SORTNAME = {Bertero, Dario and Siddique, Farhad Bin and Wu, Chien-Sheng and Wan, Yan and Chan, Ricky Ho Yin and Fung, Pascale},
   TITLE = {Real-Time Speech Emotion and Sentiment Recognition for Interactive Dialogue Systems}}
@INPROCEEDINGS{papers-1077,
   AUTHOR = {Xu, Jiacheng and Chen, Danlu and Qiu, Xipeng and Huang, Xuanjing},
   SORTNAME = {Xu, Jiacheng and Chen, Danlu and Qiu, Xipeng and Huang, Xuanjing},
   TITLE = {Cached Long Short-Term Memory Neural Networks for Document-Level Sentiment Classification}}
@INPROCEEDINGS{papers-1091,
   AUTHOR = {Rudra, Koustav and Rijhwani, Shruti and Begum, Rafiya and Bali, Kalika and Choudhury, Monojit and Ganguly, Niloy},
   SORTNAME = {Rudra, Koustav and Rijhwani, Shruti and Begum, Rafiya and Bali, Kalika and Choudhury, Monojit and Ganguly, Niloy},
   TITLE = {Understanding Language Preference for Expression of Opinion and Sentiment: What do Hindi-English Speakers do on Twitter?}}
@INPROCEEDINGS{papers-1095,
   AUTHOR = {Mineshima, Koji and Tanaka, Ribeka and Martínez-Gómez, Pascual and Miyao, Yusuke and Bekki, Daisuke},
   SORTNAME = {Mineshima, Koji and Tanaka, Ribeka and Martinez-Gomez, Pascual and Miyao, Yusuke and Bekki, Daisuke},
   TITLE = {Building compositional semantics and higher-order inference system for a wide-coverage Japanese CCG parser}}
@INPROCEEDINGS{papers-1097,
   AUTHOR = {Wieting, John and Bansal, Mohit and Gimpel, Kevin and Livescu, Karen},
   SORTNAME = {Wieting, John and Bansal, Mohit and Gimpel, Kevin and Livescu, Karen},
   TITLE = {Charagram: Embedding Words and Sentences via Character n-grams}}
@INPROCEEDINGS{papers-011,
   AUTHOR = {Zhang, Ye and Marshall, Iain and Wallace, Byron C.},
   SORTNAME = {Zhang, Ye and Marshall, Iain and Wallace, Byron C.},
   TITLE = {Rationale-Augmented Convolutional Neural Networks for Text Classification}}
@INPROCEEDINGS{papers-1100,
   AUTHOR = {He, Xiaodong and Golub, David},
   SORTNAME = {He, Xiaodong and Golub, David},
   TITLE = {Character-Level Question Answering with Attention}}
@INPROCEEDINGS{papers-1108,
   AUTHOR = {Bouchard, Guillaume and Stenetorp, Pontus and Riedel, Sebastian},
   SORTNAME = {Bouchard, Guillaume and Stenetorp, Pontus and Riedel, Sebastian},
   TITLE = {Learning to Generate Textual Data}}
@INPROCEEDINGS{papers-1111,
   AUTHOR = {Wiseman, Sam and Rush, Alexander M.},
   SORTNAME = {Wiseman, Sam and Rush, Alexander M.},
   TITLE = {Sequence-to-Sequence Learning as Beam-Search Optimization}}
@INPROCEEDINGS{papers-1113,
   AUTHOR = {Milli, Smitha and Bamman, David},
   SORTNAME = {Milli, Smitha and Bamman, David},
   TITLE = {Beyond Canonical Texts: A Computational Analysis of Fanfiction}}
@INPROCEEDINGS{papers-1118,
   AUTHOR = {Wakabayashi, Kei and Takeuchi, Johane and Funakoshi, Kotaro and Nakano, Mikio},
   SORTNAME = {Wakabayashi, Kei and Takeuchi, Johane and Funakoshi, Kotaro and Nakano, Mikio},
   TITLE = {Nonparametric Bayesian Models for Spoken Language Understanding}}
@INPROCEEDINGS{papers-1119,
   AUTHOR = {Koncel-Kedziorski, Rik and Konstas, Ioannis and Zettlemoyer, Luke and Hajishirzi, Hannaneh},
   SORTNAME = {Koncel-Kedziorski, Rik and Konstas, Ioannis and Zettlemoyer, Luke and Hajishirzi, Hannaneh},
   TITLE = {A Theme-Rewriting Approach for Generating Algebra Word Problems}}
@INPROCEEDINGS{papers-1121,
   AUTHOR = {Sountsov, Pavel and Sarawagi, Sunita},
   SORTNAME = {Sountsov, Pavel and Sarawagi, Sunita},
   TITLE = {Length bias in Encoder Decoder Models and a Case for Global Conditioning}}
@INPROCEEDINGS{papers-1132,
   AUTHOR = {Toutanova, Kristina and Brockett, Chris and Tran, Ke M. and Amershi, Saleema},
   SORTNAME = {Toutanova, Kristina and Brockett, Chris and Tran, Ke M. and Amershi, Saleema},
   TITLE = {A Dataset and Evaluation Metrics for Abstractive Compression of Sentences and Short Paragraphs}}
@INPROCEEDINGS{papers-1136,
   AUTHOR = {Yu, Hongliang and Zhang, Shikun and Morency, Louis-Philippe},
   SORTNAME = {Yu, Hongliang and Zhang, Shikun and Morency, Louis-Philippe},
   TITLE = {Unsupervised Text Recap Extraction for TV Series}}
@INPROCEEDINGS{papers-1139,
   AUTHOR = {Hu, Zhiting and Yang, Zichao and Salakhutdinov, Ruslan and Xing, Eric},
   SORTNAME = {Hu, Zhiting and Yang, Zichao and Salakhutdinov, Ruslan and Xing, Eric},
   TITLE = {Deep Neural Networks with Massive Learned Knowledge}}
@INPROCEEDINGS{papers-1145,
   AUTHOR = {Gu, Youyang and Lei, Tao and Barzilay, Regina and Jaakkola, Tommi},
   SORTNAME = {Gu, Youyang and Lei, Tao and Barzilay, Regina and Jaakkola, Tommi},
   TITLE = {Learning to refine text based recommendations}}
@INPROCEEDINGS{papers-1148,
   AUTHOR = {Chollampatt, Shamil and Hoang, Duc Tam and Ng, Hwee Tou},
   SORTNAME = {Chollampatt, Shamil and Hoang, Duc Tam and Ng, Hwee Tou},
   TITLE = {Adapting Grammatical Error Correction Based on the Native Language of Writers with Neural Network Joint Models}}
@INPROCEEDINGS{papers-1152,
   AUTHOR = {White, Aaron Steven and Reisinger, Drew and Sakaguchi, Keisuke and Vieira, Tim and Zhang, Sheng and Rudinger, Rachel and Rawlins, Kyle and Van Durme, Benjamin},
   SORTNAME = {White, Aaron Steven and Reisinger, Drew and Sakaguchi, Keisuke and Vieira, Tim and Zhang, Sheng and Rudinger, Rachel and Rawlins, Kyle and Van Durme, Benjamin},
   TITLE = {Universal Decompositional Semantics on Universal Dependencies}}
@INPROCEEDINGS{papers-1155,
   AUTHOR = {Russell, Ben and Gillespie, Duncan},
   SORTNAME = {Russell, Ben and Gillespie, Duncan},
   TITLE = {Measuring the behavioral impact of machine translation quality improvements with A/B testing}}
@INPROCEEDINGS{papers-116,
   AUTHOR = {Chaney, Allison and Wallach, Hanna and Connelly, Matthew and Blei, David},
   SORTNAME = {Chaney, Allison and Wallach, Hanna and Connelly, Matthew and Blei, David},
   TITLE = {Detecting and Characterizing Events}}
@INPROCEEDINGS{papers-1162,
   AUTHOR = {Cross, James and Huang, Liang},
   SORTNAME = {Cross, James and Huang, Liang},
   TITLE = {Span-Based Constituency Parsing with a Structure-Label System and Provably Optimal Dynamic Oracles}}
@INPROCEEDINGS{papers-1164,
   AUTHOR = {Misra, Dipendra Kumar and Artzi, Yoav},
   SORTNAME = {Misra, Dipendra Kumar and Artzi, Yoav},
   TITLE = {Neural Shift-Reduce CCG Semantic Parsing}}
@INPROCEEDINGS{papers-1173,
   AUTHOR = {Bharadwaj, Akash and Mortensen, David and Dyer, Chris and Carbonell, Jaime},
   SORTNAME = {Bharadwaj, Akash and Mortensen, David and Dyer, Chris and Carbonell, Jaime},
   TITLE = {Phonologically Aware Neural Model for Named Entity Recognition in Low Resource Transfer Settings}}
@INPROCEEDINGS{papers-1178,
   AUTHOR = {Smith, Laura and Giorgi, Salvatore and Solanki, Rishi and Eichstaedt, Johannes and Schwartz, H. Andrew and Abdul-Mageed, Muhammad and Buffone, Anneke and Ungar, Lyle},
   SORTNAME = {Smith, Laura and Giorgi, Salvatore and Solanki, Rishi and Eichstaedt, Johannes and Schwartz, H. Andrew and Abdul-Mageed, Muhammad and Buffone, Anneke and Ungar, Lyle},
   TITLE = {Does ‘well-being' translate on Twitter?}}
@INPROCEEDINGS{papers-118,
   AUTHOR = {Peng, Haoruo and Song, Yangqiu and Roth, Dan},
   SORTNAME = {Peng, Haoruo and Song, Yangqiu and Roth, Dan},
   TITLE = {Event Detection and Co-reference with Minimal Supervision}}
@INPROCEEDINGS{papers-1190,
   AUTHOR = {Sun, Xiangyan and Wang, Haixun and Xiao, Yanghua and Wang, Zhongyuan},
   SORTNAME = {Sun, Xiangyan and Wang, Haixun and Xiao, Yanghua and Wang, Zhongyuan},
   TITLE = {Syntactic Parsing of Web Queries}}
@INPROCEEDINGS{papers-012,
   AUTHOR = {Agrawal, Harsh and Chandrasekaran, Arjun and Batra, Dhruv and Parikh, Devi and Bansal, Mohit},
   SORTNAME = {Agrawal, Harsh and Chandrasekaran, Arjun and Batra, Dhruv and Parikh, Devi and Bansal, Mohit},
   TITLE = {Sort Story: Sorting Jumbled Images and Captions into Stories}}
@INPROCEEDINGS{papers-1211,
   AUTHOR = {Rouhizadeh, Masoud and Ungar, Lyle and Buffone, Anneke and Schwartz, H. Andrew},
   SORTNAME = {Rouhizadeh, Masoud and Ungar, Lyle and Buffone, Anneke and Schwartz, H. Andrew},
   TITLE = {Using Syntactic and Semantic Context to Explore Psychodemographic Differences in Self-reference}}
@INPROCEEDINGS{papers-1212,
   AUTHOR = {Noji, Hiroshi and Miyao, Yusuke and Johnson, Mark},
   SORTNAME = {Noji, Hiroshi and Miyao, Yusuke and Johnson, Mark},
   TITLE = {Using Left-corner Parsing to Encode Universal Structural Constraints in Grammar Induction}}
@INPROCEEDINGS{papers-1229,
   AUTHOR = {Jiang, Tingsong and Liu, Tianyu and Ge, Tao and Sha, Lei and Li, Sujian and Chang, Baobao and Sui, Zhifang},
   SORTNAME = {Jiang, Tingsong and Liu, Tianyu and Ge, Tao and Sha, Lei and Li, Sujian and Chang, Baobao and Sui, Zhifang},
   TITLE = {Encoding Temporal Information for Time-Aware Link Prediction}}
@INPROCEEDINGS{papers-128,
   AUTHOR = {Jiang, Wenbin and Zhang, Wen and Xu, Jinan and Cai, Rangjia},
   SORTNAME = {Jiang, Wenbin and Zhang, Wen and Xu, Jinan and Cai, Rangjia},
   TITLE = {Automatic Cross-Lingual Similarization of Dependency Grammars for Tree-based Machine Translation}}
@INPROCEEDINGS{papers-140,
   AUTHOR = {Liu, Yang and Li, Sujian},
   SORTNAME = {Liu, Yang and Li, Sujian},
   TITLE = {Recognizing Implicit Discourse Relations via Repeated Reading: Neural Networks with Multi-Level Attention}}
@INPROCEEDINGS{papers-141,
   AUTHOR = {Kamigaito, Hidetaka and Tamura, Akihiro and Takamura, Hiroya and Okumura, Manabu and Sumita, Eiichiro},
   SORTNAME = {Kamigaito, Hidetaka and Tamura, Akihiro and Takamura, Hiroya and Okumura, Manabu and Sumita, Eiichiro},
   TITLE = {Unsupervised Word Alignment by Agreement Under ITG Constraint}}
@INPROCEEDINGS{papers-150,
   AUTHOR = {Wang, Yiren and Tian, Fei},
   SORTNAME = {Wang, Yiren and Tian, Fei},
   TITLE = {Recurrent Residual Learning for Sequence Classification}}
@INPROCEEDINGS{papers-155,
   AUTHOR = {Hamilton, William L. and Clark, Kevin and Leskovec, Jure and Jurafsky, Dan},
   SORTNAME = {Hamilton, William L. and Clark, Kevin and Leskovec, Jure and Jurafsky, Dan},
   TITLE = {Inducing Domain-Specific Sentiment Lexicons from Unlabeled Corpora}}
@INPROCEEDINGS{papers-156,
   AUTHOR = {Wu, Changxing and shi, xiaodong and Chen, Yidong and Huang, Yanzhou and su, jinsong},
   SORTNAME = {Wu, Changxing and shi, xiaodong and Chen, Yidong and Huang, Yanzhou and su, jinsong},
   TITLE = {Bilingually-constrained Synthetic Data for Implicit Discourse Relation Recognition}}
@INPROCEEDINGS{papers-159,
   AUTHOR = {Fukui, Akira and Park, Dong Huk and Yang, Daylen and Rohrbach, Anna and Darrell, Trevor and Rohrbach, Marcus},
   SORTNAME = {Fukui, Akira and Park, Dong Huk and Yang, Daylen and Rohrbach, Anna and Darrell, Trevor and Rohrbach, Marcus},
   TITLE = {Multimodal Compact Bilinear Pooling for Visual Question Answering and Visual Grounding}}
@INPROCEEDINGS{papers-170,
   AUTHOR = {Yoshikawa, Masashi and Shindo, Hiroyuki and Matsumoto, Yuji},
   SORTNAME = {Yoshikawa, Masashi and Shindo, Hiroyuki and Matsumoto, Yuji},
   TITLE = {Joint Transition-based Dependency Parsing and Disfluency Detection for Automatic Speech Recognition Texts}}
@INPROCEEDINGS{papers-175,
   AUTHOR = {Qian, Zhong and Li, Peifeng and Zhu, Qiaoming and Zhou, Guodong and Luo, Zhunchen and Luo, Wei},
   SORTNAME = {Qian, Zhong and Li, Peifeng and Zhu, Qiaoming and Zhou, Guodong and Luo, Zhunchen and Luo, Wei},
   TITLE = {Speculation and Negation Scope Detection via Convolutional Neural Networks}}
@INPROCEEDINGS{papers-177,
   AUTHOR = {Wang, Huazheng and Tian, Fei and Gao, Bin and Zhu, Chengjieren and Bian, Jiang and Liu, Tie-Yan},
   SORTNAME = {Wang, Huazheng and Tian, Fei and Gao, Bin and Zhu, Chengjieren and Bian, Jiang and Liu, Tie-Yan},
   TITLE = {Solving Verbal Questions in IQ Test by Knowledge-Powered Word Embedding}}
@INPROCEEDINGS{papers-185,
   AUTHOR = {Joshi, Aditya and Tripathi, Vaibhav and Patel, Kevin and Bhattacharyya, Pushpak and Carman, Mark},
   SORTNAME = {Joshi, Aditya and Tripathi, Vaibhav and Patel, Kevin and Bhattacharyya, Pushpak and Carman, Mark},
   TITLE = {Are Word Embedding-based Features Useful for Sarcasm Detection?}}
@INPROCEEDINGS{papers-187,
   AUTHOR = {Otani, Naoki and Nakazawa, Toshiaki and Kawahara, Daisuke and Kurohashi, Sadao},
   SORTNAME = {Otani, Naoki and Nakazawa, Toshiaki and Kawahara, Daisuke and Kurohashi, Sadao},
   TITLE = {IRT-based Aggregation Model of Crowdsourced Pairwise Comparison for Evaluating Machine Translations}}
@INPROCEEDINGS{papers-188,
   AUTHOR = {Parveen, Daraksha and Mesgar, Mohsen and Strube, Michael},
   SORTNAME = {Parveen, Daraksha and Mesgar, Mohsen and Strube, Michael},
   TITLE = {Generating Coherent Summaries of Scientific Articles Using Coherence Patterns}}
@INPROCEEDINGS{papers-189,
   AUTHOR = {Yang, Yunlun and Tong, Yunhai and Ma, Shulei and Deng, Zhi-Hong},
   SORTNAME = {Yang, Yunlun and Tong, Yunhai and Ma, Shulei and Deng, Zhi-Hong},
   TITLE = {A Position Encoding Convolutional Neural Network Based on Dependency Tree for Relation Classification}}
@INPROCEEDINGS{papers-190,
   AUTHOR = {Bentivogli, Luisa and Bisazza, Arianna and Cettolo, Mauro and Federico, Marcello},
   SORTNAME = {Bentivogli, Luisa and Bisazza, Arianna and Cettolo, Mauro and Federico, Marcello},
   TITLE = {Neural versus Phrase-Based Machine Translation Quality: a Case Study}}
@INPROCEEDINGS{papers-191,
   AUTHOR = {Kurata, Gakuto and Xiang, Bing and Zhou, Bowen and Yu, Mo},
   SORTNAME = {Kurata, Gakuto and Xiang, Bing and Zhou, Bowen and Yu, Mo},
   TITLE = {Leveraging Sentence-level Information with Encoder LSTM for Semantic Slot Filling}}
@INPROCEEDINGS{papers-204,
   AUTHOR = {Lalor, John and Wu, Hao and yu, hong},
   SORTNAME = {Lalor, John and Wu, Hao and yu, hong},
   TITLE = {Building an Evaluation Scale using Item Response Theory}}
@INPROCEEDINGS{papers-207,
   AUTHOR = {Cheng, Jianpeng and Dong, Li and Lapata, Mirella},
   SORTNAME = {Cheng, Jianpeng and Dong, Li and Lapata, Mirella},
   TITLE = {Long Short-Term Memory-Networks for Machine Reading}}
@INPROCEEDINGS{papers-210,
   AUTHOR = {Andreas, Jacob and Klein, Dan},
   SORTNAME = {Andreas, Jacob and Klein, Dan},
   TITLE = {Reasoning about Pragmatics with Neural Listeners and Speakers}}
@INPROCEEDINGS{papers-214,
   AUTHOR = {Rajani, Nazneen Fatema and Mooney, Raymond},
   SORTNAME = {Rajani, Nazneen Fatema and Mooney, Raymond},
   TITLE = {Combining Supervised and Unsupervised Enembles for Knowledge Base Population}}
@INPROCEEDINGS{papers-215,
   AUTHOR = {Ding, Tao and Pan, Shimei},
   SORTNAME = {Ding, Tao and Pan, Shimei},
   TITLE = {Personalized Emphasis Framing for Persuasive Message Generation}}
@INPROCEEDINGS{papers-216,
   AUTHOR = {Wang, Yequan and Huang, Minlie and zhu, xiaoyan and Zhao, Li},
   SORTNAME = {Wang, Yequan and Huang, Minlie and zhu, xiaoyan and Zhao, Li},
   TITLE = {Attention-based LSTM for Aspect-level Sentiment Classification}}
@INPROCEEDINGS{papers-217,
   AUTHOR = {Zhang, Qi and Qian, Jin and Guo, Ya and Zhou, Yaqian and Huang, Xuanjing},
   SORTNAME = {Zhang, Qi and Qian, Jin and Guo, Ya and Zhou, Yaqian and Huang, Xuanjing},
   TITLE = {Generating Abbreviations for Chinese Named Entities Using Recurrent Neural Network with Dynamic Dictionary}}
@INPROCEEDINGS{papers-219,
   AUTHOR = {Bauer, Sandro and Teufel, Simone},
   SORTNAME = {Bauer, Sandro and Teufel, Simone},
   TITLE = {Unsupervised Timeline Generation for Wikipedia History Articles}}
@INPROCEEDINGS{papers-234,
   AUTHOR = {Wang, Wenya and Pan, Sinno Jialin and Dahlmeier, Daniel and Xiao, Xiaokui},
   SORTNAME = {Wang, Wenya and Pan, Sinno Jialin and Dahlmeier, Daniel and Xiao, Xiaokui},
   TITLE = {Recursive Neural Conditional Random Fields for Aspect-based Sentiment Analysis}}
@INPROCEEDINGS{papers-236,
   AUTHOR = {Ji, Shihao and Yun, Hyokun and Yanardag, Pinar and Matsushima, Shin and Vishwanathan, S. V. N.},
   SORTNAME = {Ji, Shihao and Yun, Hyokun and Yanardag, Pinar and Matsushima, Shin and Vishwanathan, S. V. N.},
   TITLE = {WordRank: Learning Word Embeddings via Robust Ranking}}
@INPROCEEDINGS{papers-025,
   AUTHOR = {Pavlick, Ellie and Callison-Burch, Chris},
   SORTNAME = {Pavlick, Ellie and Callison-Burch, Chris},
   TITLE = {Tense Manages to Predict Implicative Behavior in Verbs}}
@INPROCEEDINGS{papers-251,
   AUTHOR = {Ruan, Yu-Ping and Ling, Zhen-Hua and Hu, Yu},
   SORTNAME = {Ruan, Yu-Ping and Ling, Zhen-Hua and Hu, Yu},
   TITLE = {Exploring Semantic Representation in Brain Activity Using Word Embeddings}}
@INPROCEEDINGS{papers-257,
   AUTHOR = {Laddha, Abhishek and Mukherjee, Arjun},
   SORTNAME = {Laddha, Abhishek and Mukherjee, Arjun},
   TITLE = {Extracting Aspect Specific Opinion Expressions}}
@INPROCEEDINGS{papers-026,
   AUTHOR = {Agrawal, Aishwarya and Batra, Dhruv and Parikh, Devi},
   SORTNAME = {Agrawal, Aishwarya and Batra, Dhruv and Parikh, Devi},
   TITLE = {Analyzing the Behavior of Visual Question Answering Models}}
@INPROCEEDINGS{papers-260,
   AUTHOR = {Duong, Long and Kanayama, Hiroshi and Ma, Tengfei and Bird, Steven and Cohn, Trevor},
   SORTNAME = {Duong, Long and Kanayama, Hiroshi and Ma, Tengfei and Bird, Steven and Cohn, Trevor},
   TITLE = {Learning Crosslingual Word Embeddings without Bilingual Corpora}}
@INPROCEEDINGS{papers-262,
   AUTHOR = {Qian, Peng and Qiu, Xipeng and Huang, Xuanjing},
   SORTNAME = {Qian, Peng and Qiu, Xipeng and Huang, Xuanjing},
   TITLE = {Analyzing Linguistic Knowledge in Sequential Model of Sentence}}
@INPROCEEDINGS{papers-264,
   AUTHOR = {ZHOU, Deyu and Zhang, Xuan and Zhou, Yin and Zhao, Quan and Geng, Xin},
   SORTNAME = {ZHOU, Deyu and Zhang, Xuan and Zhou, Yin and Zhao, Quan and Geng, Xin},
   TITLE = {Emotion Distribution Learning from Texts}}
@INPROCEEDINGS{papers-272,
   AUTHOR = {Sahlgren, Magnus and Lenci, Alessandro},
   SORTNAME = {Sahlgren, Magnus and Lenci, Alessandro},
   TITLE = {The Effects of Data Size and Frequency Range on Distributional Semantic Models}}
@INPROCEEDINGS{papers-273,
   AUTHOR = {Brychcín, Tomáš},
   SORTNAME = {Brychcin, Tomas},
   TITLE = {Latent Tree Language Model}}
@INPROCEEDINGS{papers-275,
   AUTHOR = {Zhang, Qi and Wang, Yang and Gong, Yeyun and Huang, Xuanjing},
   SORTNAME = {Zhang, Qi and Wang, Yang and Gong, Yeyun and Huang, Xuanjing},
   TITLE = {Keyphrase Extraction Using Deep Recurrent Neural Networks on Twitter}}
@INPROCEEDINGS{papers-279,
   AUTHOR = {Zhou, Junsheng and Xu, Feiyu and Uszkoreit, Hans and QU, Weiguang and Li, Ran and Gu, Yanhui},
   SORTNAME = {Zhou, Junsheng and Xu, Feiyu and Uszkoreit, Hans and QU, Weiguang and Li, Ran and Gu, Yanhui},
   TITLE = {AMR Parsing with an Incremental Joint Model}}
@INPROCEEDINGS{papers-028,
   AUTHOR = {Kim, Yea Seul and Hullman, Jessica and Burgess, Matthew and Adar, Eytan},
   SORTNAME = {Kim, Yea Seul and Hullman, Jessica and Burgess, Matthew and Adar, Eytan},
   TITLE = {SimpleScience: Lexical Simplification of Scientific Terminology}}
@INPROCEEDINGS{papers-280,
   AUTHOR = {Habernal, Ivan and Gurevych, Iryna},
   SORTNAME = {Habernal, Ivan and Gurevych, Iryna},
   TITLE = {What makes a convincing argument? Empirical analysis and detecting attributes of convincingness in Web argumentation}}
@INPROCEEDINGS{papers-284,
   AUTHOR = {Sterckx, Lucas and Caragea, Cornelia and Demeester, Thomas and Develder, Chris},
   SORTNAME = {Sterckx, Lucas and Caragea, Cornelia and Demeester, Thomas and Develder, Chris},
   TITLE = {Supervised Keyphrase Extraction as Positive Unlabeled Learning}}
@INPROCEEDINGS{papers-287,
   AUTHOR = {Shu, Lei and Liu, Bing and Xu, Hu and Kim, Annice},
   SORTNAME = {Shu, Lei and Liu, Bing and Xu, Hu and Kim, Annice},
   TITLE = {Lifelong-RL: Lifelong Relaxation Labeling for Separating Entities and Aspects in Opinion Targets}}
@INPROCEEDINGS{papers-298,
   AUTHOR = {Mi, Haitao and Wang, Zhiguo and Ittycheriah, Abe},
   SORTNAME = {Mi, Haitao and Wang, Zhiguo and Ittycheriah, Abe},
   TITLE = {Supervised Attentions for Neural Machine Translation}}
@INPROCEEDINGS{papers-307,
   AUTHOR = {Guo, Shu and Wang, Quan and Wang, Lihong and Wang, Bin and Guo, Li},
   SORTNAME = {Guo, Shu and Wang, Quan and Wang, Lihong and Wang, Bin and Guo, Li},
   TITLE = {Jointly Embedding Knowledge Graphs and Logical Rules}}
@INPROCEEDINGS{papers-309,
   AUTHOR = {Yin, Rongchao and Wang, Quan and Li, Peng and Li, Rui and Wang, Bin},
   SORTNAME = {Yin, Rongchao and Wang, Quan and Li, Peng and Li, Rui and Wang, Bin},
   TITLE = {Multi-Granularity Chinese Word Embedding}}
@INPROCEEDINGS{papers-031,
   AUTHOR = {Tang, Duyu and Qin, Bing and Liu, Ting},
   SORTNAME = {Tang, Duyu and Qin, Bing and Liu, Ting},
   TITLE = {Aspect Level Sentiment Classification with Deep Memory Network}}
@INPROCEEDINGS{papers-315,
   AUTHOR = {Fast, Ethan and Horvitz, Eric},
   SORTNAME = {Fast, Ethan and Horvitz, Eric},
   TITLE = {Identifying Dogmatism in Social Media: Signals and Models}}
@INPROCEEDINGS{papers-317,
   AUTHOR = {Pilehvar, Mohammad Taher and Collier, Nigel},
   SORTNAME = {Pilehvar, Mohammad Taher and Collier, Nigel},
   TITLE = {De-Conflated Semantic Representations}}
@INPROCEEDINGS{papers-328,
   AUTHOR = {Choe, Do Kook and Charniak, Eugene},
   SORTNAME = {Choe, Do Kook and Charniak, Eugene},
   TITLE = {Parsing as Language Modeling}}
@INPROCEEDINGS{papers-332,
   AUTHOR = {Su, Yu and Sun, Huan and Sadler, Brian and Srivatsa, Mudhakar and Gur, Izzeddin and Yan, Zenghui and Yan, Xifeng},
   SORTNAME = {Su, Yu and Sun, Huan and Sadler, Brian and Srivatsa, Mudhakar and Gur, Izzeddin and Yan, Zenghui and Yan, Xifeng},
   TITLE = {On Generating Characteristic-rich Question Sets for QA Evaluation}}
@INPROCEEDINGS{papers-335,
   AUTHOR = {Liu, Chia-Wei and Lowe, Ryan and Serban, Iulian and Noseworthy, Mike and Charlin, Laurent and Pineau, Joelle},
   SORTNAME = {Liu, Chia-Wei and Lowe, Ryan and Serban, Iulian and Noseworthy, Mike and Charlin, Laurent and Pineau, Joelle},
   TITLE = {How NOT To Evaluate Your Dialogue System: An Empirical Study of Unsupervised Evaluation Metrics for Dialogue Response Generation}}
@INPROCEEDINGS{papers-337,
   AUTHOR = {Mukherjee, Tanmoy and Hospedales, Timothy},
   SORTNAME = {Mukherjee, Tanmoy and Hospedales, Timothy},
   TITLE = {Gaussian Visual-Linguistic Embedding for Zero-Shot Recognition}}
@INPROCEEDINGS{papers-342,
   AUTHOR = {Locascio, Nicholas and Narasimhan, Karthik and De Leon, Eduardo and Kushman, Nate and Barzilay, Regina},
   SORTNAME = {Locascio, Nicholas and Narasimhan, Karthik and De Leon, Eduardo and Kushman, Nate and Barzilay, Regina},
   TITLE = {Neural Generation of Regular Expressions from Natural Language with Minimal Domain Knowledge}}
@INPROCEEDINGS{papers-343,
   AUTHOR = {Tu, Kewei},
   SORTNAME = {Tu, Kewei},
   TITLE = {Modified Dirichlet Distribution: Allowing Negative Parameters to Induce Stronger Sparsity}}
@INPROCEEDINGS{papers-345,
   AUTHOR = {Ni, Jian and Florian, Radu},
   SORTNAME = {Ni, Jian and Florian, Radu},
   TITLE = {Improving Multilingual Named Entity Recognition with Wikipedia Entity Type Mapping}}
@INPROCEEDINGS{papers-349,
   AUTHOR = {Chersoni, Emmanuele and Santus, Enrico and Lenci, Alessandro and Blache, Philippe and Huang, Chu-Ren},
   SORTNAME = {Chersoni, Emmanuele and Santus, Enrico and Lenci, Alessandro and Blache, Philippe and Huang, Chu-Ren},
   TITLE = {Representing Verbs with Rich Contexts: an Evaluation on Verb Similarity}}
@INPROCEEDINGS{papers-352,
   AUTHOR = {Ballesteros, Miguel and Goldberg, Yoav and Dyer, Chris and Smith, Noah A.},
   SORTNAME = {Ballesteros, Miguel and Goldberg, Yoav and Dyer, Chris and Smith, Noah A.},
   TITLE = {Training with Exploration Improves a Greedy Stack LSTM Parser}}
@INPROCEEDINGS{papers-353,
   AUTHOR = {Skianis, Konstantinos and Rousseau, Francois and Vazirgiannis, Michalis},
   SORTNAME = {Skianis, Konstantinos and Rousseau, Francois and Vazirgiannis, Michalis},
   TITLE = {Regularizing Text Categorization with Clusters of Words}}
@INPROCEEDINGS{papers-354,
   AUTHOR = {Xu, Haoyan and Murphy, Brian and Fyshe, Alona},
   SORTNAME = {Xu, Haoyan and Murphy, Brian and Fyshe, Alona},
   TITLE = {BrainBench: A Brain-Image Test Suite for Distributional Semantic Models}}
@INPROCEEDINGS{papers-364,
   AUTHOR = {He, Ji and Ostendorf, Mari and He, Xiaodong and Chen, Jianshu and Gao, Jianfeng and Li, Lihong and Deng, Li},
   SORTNAME = {He, Ji and Ostendorf, Mari and He, Xiaodong and Chen, Jianshu and Gao, Jianfeng and Li, Lihong and Deng, Li},
   TITLE = {Deep Reinforcement Learning with a Combinatorial Action Space for Predicting Popular Reddit Threads}}
@INPROCEEDINGS{papers-366,
   AUTHOR = {Lebret, Rémi and Grangier, David and Auli, Michael},
   SORTNAME = {Lebret, Remi and Grangier, David and Auli, Michael},
   TITLE = {Neural Text Generation from Structured Data with Application to the Biography Domain}}
@INPROCEEDINGS{papers-368,
   AUTHOR = {Zhang, Biao and Xiong, Deyi and su, jinsong and Duan, Hong and Zhang, Min},
   SORTNAME = {Zhang, Biao and Xiong, Deyi and su, jinsong and Duan, Hong and Zhang, Min},
   TITLE = {Variational Neural Machine Translation}}
@INPROCEEDINGS{papers-370,
   AUTHOR = {Chen, Hongshen and Zhang, Yue and Liu, Qun},
   SORTNAME = {Chen, Hongshen and Zhang, Yue and Liu, Qun},
   TITLE = {Neural Network for Heterogeneous Annotations}}
@INPROCEEDINGS{papers-378,
   AUTHOR = {Zhou, Dong and Lawless, Séamus and Wu, Xuan and Zhao, Wenyu and Liu, Jianxun},
   SORTNAME = {Zhou, Dong and Lawless, Seamus and Wu, Xuan and Zhao, Wenyu and Liu, Jianxun},
   TITLE = {Enhanced Personalized Search using Social Data}}
@INPROCEEDINGS{papers-383,
   AUTHOR = {Simion, Andrei and Collins, Michael and Stein, Cliff},
   SORTNAME = {Simion, Andrei and Collins, Michael and Stein, Cliff},
   TITLE = {Towards a Convex HMM Surrogate for Word Alignment}}
@INPROCEEDINGS{papers-390,
   AUTHOR = {Tan, Chuanqi and Wei, Furu and Dong, Li and Lv, Weifeng and Zhou, Ming},
   SORTNAME = {Tan, Chuanqi and Wei, Furu and Dong, Li and Lv, Weifeng and Zhou, Ming},
   TITLE = {Solving and Generating Chinese Character Riddles}}
@INPROCEEDINGS{papers-391,
   AUTHOR = {Morales, Alvaro and Premtoon, Varot and Avery, Cordelia and Felshin, Sue and Katz, Boris},
   SORTNAME = {Morales, Alvaro and Premtoon, Varot and Avery, Cordelia and Felshin, Sue and Katz, Boris},
   TITLE = {Learning to Answer Questions from Wikipedia Infoboxes}}
@INPROCEEDINGS{papers-392,
   AUTHOR = {Sharp, Rebecca and Surdeanu, Mihai and Jansen, Peter and Clark, Peter and Hammond, Michael},
   SORTNAME = {Sharp, Rebecca and Surdeanu, Mihai and Jansen, Peter and Clark, Peter and Hammond, Michael},
   TITLE = {Creating Causal Embeddings for Question Answering with Minimal Supervision}}
@INPROCEEDINGS{papers-393,
   AUTHOR = {Sarabi, Zahra and Blanco, Eduardo},
   SORTNAME = {Sarabi, Zahra and Blanco, Eduardo},
   TITLE = {Understanding Negation in Positive Terms Using Syntactic Dependencies}}
@INPROCEEDINGS{papers-394,
   AUTHOR = {Jagannatha, Abhyuday and yu, hong},
   SORTNAME = {Jagannatha, Abhyuday and yu, hong},
   TITLE = {Structured prediction models for RNN based sequence labeling in clinical text}}
@INPROCEEDINGS{papers-402,
   AUTHOR = {Ture, Ferhan and Boschee, Elizabeth},
   SORTNAME = {Ture, Ferhan and Boschee, Elizabeth},
   TITLE = {Learning to Translate for Multilingual Question Answering}}
@INPROCEEDINGS{papers-406,
   AUTHOR = {Monroe, Will and Goodman, Noah D. and Potts, Christopher},
   SORTNAME = {Monroe, Will and Goodman, Noah D. and Potts, Christopher},
   TITLE = {Learning to Generate Compositional Color Descriptions}}
@INPROCEEDINGS{papers-413,
   AUTHOR = {Luu Anh, Tuan and Tay, Yi and Hui, Siu Cheung and Ng, See Kiong},
   SORTNAME = {Luu Anh, Tuan and Tay, Yi and Hui, Siu Cheung and Ng, See Kiong},
   TITLE = {Learning Term Embeddings for Taxonomic Relation Identification Using Dynamic Weighting Neural Network}}
@INPROCEEDINGS{papers-415,
   AUTHOR = {Shi, Xing and Padhi, Inkit and Knight, Kevin},
   SORTNAME = {Shi, Xing and Padhi, Inkit and Knight, Kevin},
   TITLE = {Does String-Based Neural MT Learn Source Syntax?}}
@INPROCEEDINGS{papers-417,
   AUTHOR = {Shi, Xing and Knight, Kevin and Yuret, Deniz},
   SORTNAME = {Shi, Xing and Knight, Kevin and Yuret, Deniz},
   TITLE = {Why Neural Translations are the Right Length}}
@INPROCEEDINGS{papers-042,
   AUTHOR = {Neubig, Graham and Dyer, Chris},
   SORTNAME = {Neubig, Graham and Dyer, Chris},
   TITLE = {Generalizing and Hybridizing Count-based and Neural Language Models}}
@INPROCEEDINGS{papers-425,
   AUTHOR = {Susanto, Raymond Hendy and Chieu, Hai Leong and Lu, Wei},
   SORTNAME = {Susanto, Raymond Hendy and Chieu, Hai Leong and Lu, Wei},
   TITLE = {Learning to Capitalize with Character-Level Recurrent Neural Networks: An Empirical Study}}
@INPROCEEDINGS{papers-426,
   AUTHOR = {Muis, Aldrian Obaja and Lu, Wei},
   SORTNAME = {Muis, Aldrian Obaja and Lu, Wei},
   TITLE = {Learning to Recognize Discontiguous Entities}}
@INPROCEEDINGS{papers-431,
   AUTHOR = {Wei, Zhuoyu and Zhao, Jun and Liu, Kang},
   SORTNAME = {Wei, Zhuoyu and Zhao, Jun and Liu, Kang},
   TITLE = {Mining Inference Formulas by Goal-Directed Random Walks}}
@INPROCEEDINGS{papers-440,
   AUTHOR = {Roy, Subhro and Upadhyay, Shyam and Roth, Dan},
   SORTNAME = {Roy, Subhro and Upadhyay, Shyam and Roth, Dan},
   TITLE = {Equation Parsing : Mapping Sentences to Grounded Equations}}
@INPROCEEDINGS{papers-450,
   AUTHOR = {Ebert, Sebastian and Müller, Thomas and Schütze, Hinrich},
   SORTNAME = {Ebert, Sebastian and Muller, Thomas and Schutze, Hinrich},
   TITLE = {LAMB: A Good Shepherd of Morphologically Rich Languages}}
@INPROCEEDINGS{papers-455,
   AUTHOR = {Kann, Katharina and Cotterell, Ryan and Schütze, Hinrich},
   SORTNAME = {Kann, Katharina and Cotterell, Ryan and Schutze, Hinrich},
   TITLE = {Neural Morphological Analysis: Encoding-Decoding Canonical Segments}}
@INPROCEEDINGS{papers-462,
   AUTHOR = {Qin, Lianhui and Zhang, Zhisong and Zhao, Hai},
   SORTNAME = {Qin, Lianhui and Zhang, Zhisong and Zhao, Hai},
   TITLE = {A Stacking Gated Neural Architecture for Implicit Discourse Relation Classification}}
@INPROCEEDINGS{papers-463,
   AUTHOR = {Abdelwahab, Ahmed and Kliegl, Reinhold and Landwehr, Niels},
   SORTNAME = {Abdelwahab, Ahmed and Kliegl, Reinhold and Landwehr, Niels},
   TITLE = {A Semiparametric Model for Bayesian Reader Identification}}
@INPROCEEDINGS{papers-464,
   AUTHOR = {Anand, Pranav and Hardt, Daniel},
   SORTNAME = {Anand, Pranav and Hardt, Daniel},
   TITLE = {Antecedent Selection for Sluicing: Structure and Content}}
@INPROCEEDINGS{papers-472,
   AUTHOR = {Li, Zhenghua and Chao, Jiayuan and Zhang, Min and Yang, Jiwen},
   SORTNAME = {Li, Zhenghua and Chao, Jiayuan and Zhang, Min and Yang, Jiwen},
   TITLE = {Fast Coupled Sequence Labeling on Heterogeneous Annotations via Context-aware Pruning}}
@INPROCEEDINGS{papers-482,
   AUTHOR = {Wang, Xuepeng and Liu, Kang and He, Shizhu and Zhao, Jun},
   SORTNAME = {Wang, Xuepeng and Liu, Kang and He, Shizhu and Zhao, Jun},
   TITLE = {Learning to Represent Review with Tensor Decomposition for Spam Detection}}
@INPROCEEDINGS{papers-489,
   AUTHOR = {Adams, Oliver and Neubig, Graham and Cohn, Trevor and Bird, Steven and Do, Quoc Truong and Nakamura, Satoshi},
   SORTNAME = {Adams, Oliver and Neubig, Graham and Cohn, Trevor and Bird, Steven and Do, Quoc Truong and Nakamura, Satoshi},
   TITLE = {Learning a Lexicon and Translation Model from Phoneme Lattices}}
@INPROCEEDINGS{papers-492,
   AUTHOR = {Wang, Mingxuan and Lu, Zhengdong and Li, Hang and Liu, Qun},
   SORTNAME = {Wang, Mingxuan and Lu, Zhengdong and Li, Hang and Liu, Qun},
   TITLE = {Memory-enhanced Decoder for Neural Machine Translation}}
@INPROCEEDINGS{papers-496,
   AUTHOR = {Hahn, Michael and Keller, Frank},
   SORTNAME = {Hahn, Michael and Keller, Frank},
   TITLE = {Modeling Human Reading with Neural Attention}}
@INPROCEEDINGS{papers-497,
   AUTHOR = {P, Deepak},
   SORTNAME = {P, Deepak},
   TITLE = {MixKMeans: Clustering Question-Answer Archives}}
@INPROCEEDINGS{papers-499,
   AUTHOR = {Ruder, Sebastian and Ghaffari, Parsa and Breslin, John G.},
   SORTNAME = {Ruder, Sebastian and Ghaffari, Parsa and Breslin, John G.},
   TITLE = {A Hierarchical Model of Reviews for Aspect-based Sentiment Analysis}}
@INPROCEEDINGS{papers-500,
   AUTHOR = {Kekec, Taygun and Tax, David M. J.},
   SORTNAME = {Kekec, Taygun and Tax, David M. J.},
   TITLE = {Robust Gram Embeddings}}
@INPROCEEDINGS{papers-502,
   AUTHOR = {Miao, Yishu and Blunsom, Phil},
   SORTNAME = {Miao, Yishu and Blunsom, Phil},
   TITLE = {Language as a Latent Variable: Discrete Generative Models for Sentence Compression}}
@INPROCEEDINGS{papers-508,
   AUTHOR = {Shareghi, Ehsan and Cohn, Trevor and Haffari, Gholamreza},
   SORTNAME = {Shareghi, Ehsan and Cohn, Trevor and Haffari, Gholamreza},
   TITLE = {Richer Interpolative Smoothing Based on Modified Kneser-Ney Language Modeling}}
@INPROCEEDINGS{papers-509,
   AUTHOR = {Nimishakavi, Madhav and Saini, Uday Singh and Talukdar, Partha},
   SORTNAME = {Nimishakavi, Madhav and Saini, Uday Singh and Talukdar, Partha},
   TITLE = {Relation Schema Induction using Tensor Factorization with Side Information}}
@INPROCEEDINGS{papers-512,
   AUTHOR = {Li, Yitong and Cohn, Trevor and Baldwin, Timothy},
   SORTNAME = {Li, Yitong and Cohn, Trevor and Baldwin, Timothy},
   TITLE = {Learning Robust Representations of Text}}
@INPROCEEDINGS{papers-513,
   AUTHOR = {Takase, Sho and Suzuki, Jun and Okazaki, Naoaki and Hirao, Tsutomu and Nagata, Masaaki},
   SORTNAME = {Takase, Sho and Suzuki, Jun and Okazaki, Naoaki and Hirao, Tsutomu and Nagata, Masaaki},
   TITLE = {Neural Headline Generation on Abstract Meaning Representation}}
@INPROCEEDINGS{papers-515,
   AUTHOR = {Augenstein, Isabelle and Rocktäschel, Tim and Vlachos, Andreas and Bontcheva, Kalina},
   SORTNAME = {Augenstein, Isabelle and Rocktaschel, Tim and Vlachos, Andreas and Bontcheva, Kalina},
   TITLE = {Stance Detection with Bidirectional Conditional Encoding}}
@INPROCEEDINGS{papers-527,
   AUTHOR = {Zhou, Xinjie and Wan, Xiaojun and Xiao, Jianguo},
   SORTNAME = {Zhou, Xinjie and Wan, Xiaojun and Xiao, Jianguo},
   TITLE = {Attention-based LSTM Network for Cross-Lingual Sentiment Classification}}
@INPROCEEDINGS{papers-053,
   AUTHOR = {Kiela, Douwe and Verő, Anita Lilla and Clark, Stephen},
   SORTNAME = {Kiela, Douwe and Vero, Anita Lilla and Clark, Stephen},
   TITLE = {Comparing Data Sources and Architectures for Deep Visual Representation Learning in Semantics}}
@INPROCEEDINGS{papers-559,
   AUTHOR = {Narasimhan, Karthik and Yala, Adam and Barzilay, Regina},
   SORTNAME = {Narasimhan, Karthik and Yala, Adam and Barzilay, Regina},
   TITLE = {Improving Information Extraction by Acquiring External Evidence with Reinforcement Learning}}
@INPROCEEDINGS{papers-561,
   AUTHOR = {Ge, Tao and Cui, Lei and Chang, Baobao and Li, Sujian and Zhou, Ming and Sui, Zhifang},
   SORTNAME = {Ge, Tao and Cui, Lei and Chang, Baobao and Li, Sujian and Zhou, Ming and Sui, Zhifang},
   TITLE = {News Stream Summarization using Burst Information Networks}}
@INPROCEEDINGS{papers-562,
   AUTHOR = {Artetxe, Mikel and Labaka, Gorka and Agirre, Eneko},
   SORTNAME = {Artetxe, Mikel and Labaka, Gorka and Agirre, Eneko},
   TITLE = {Learning principled bilingual mappings of word embeddings while preserving monolingual invariance}}
@INPROCEEDINGS{papers-057,
   AUTHOR = {Bhutani, Nikita and Jagadish, H V and Radev, Dragomir},
   SORTNAME = {Bhutani, Nikita and Jagadish, H V and Radev, Dragomir},
   TITLE = {Nested Propositions in Open Information Extraction}}
@INPROCEEDINGS{papers-570,
   AUTHOR = {Falke, Tobias and Stanovsky, Gabriel and Gurevych, Iryna and Dagan, Ido},
   SORTNAME = {Falke, Tobias and Stanovsky, Gabriel and Gurevych, Iryna and Dagan, Ido},
   TITLE = {Porting an Open Information Extraction System from English to German}}
@INPROCEEDINGS{papers-572,
   AUTHOR = {Gerz, Daniela and Vulić, Ivan and Hill, Felix and Reichart, Roi and Korhonen, Anna},
   SORTNAME = {Gerz, Daniela and Vulic, Ivan and Hill, Felix and Reichart, Roi and Korhonen, Anna},
   TITLE = {SimVerb-3500: A Large-Scale Evaluation Set of Verb Similarity}}
@INPROCEEDINGS{papers-576,
   AUTHOR = {Iida, Ryu and Torisawa, Kentaro and Oh, Jong-Hoon and Kruengkrai, Canasai and Kloetzer, Julien},
   SORTNAME = {Iida, Ryu and Torisawa, Kentaro and Oh, Jong-Hoon and Kruengkrai, Canasai and Kloetzer, Julien},
   TITLE = {Intra-Sentential Subject Zero Anaphora Resolution using Multi-Column Convolutional Neural Network}}
@INPROCEEDINGS{papers-577,
   AUTHOR = {Ouchi, Hiroki and Tsuboi, Yuta},
   SORTNAME = {Ouchi, Hiroki and Tsuboi, Yuta},
   TITLE = {Addressee and Response Selection for Multi-Party Conversation}}
@INPROCEEDINGS{papers-578,
   AUTHOR = {Dollmann, Markus and Geierhos, Michaela},
   SORTNAME = {Dollmann, Markus and Geierhos, Michaela},
   TITLE = {On- and Off-Topic Classification and Semantic Annotation of User-Generated Software Requirements}}
@INPROCEEDINGS{papers-058,
   AUTHOR = {Mi, Haitao and Sankaran, Baskaran and Wang, Zhiguo and Ittycheriah, Abe},
   SORTNAME = {Mi, Haitao and Sankaran, Baskaran and Wang, Zhiguo and Ittycheriah, Abe},
   TITLE = {Coverage Embedding Models for Neural Machine Translation}}
@INPROCEEDINGS{papers-583,
   AUTHOR = {Birch, Alexandra and Abend, Omri and Bojar, Ondřej and Haddow, Barry},
   SORTNAME = {Birch, Alexandra and Abend, Omri and Bojar, Ondrej and Haddow, Barry},
   TITLE = {HUME: Human UCCA-Based Evaluation of Machine Translation}}
@INPROCEEDINGS{papers-585,
   AUTHOR = {Ficler, Jessica and Goldberg, Yoav},
   SORTNAME = {Ficler, Jessica and Goldberg, Yoav},
   TITLE = {A Neural Network for Coordination Boundary Prediction}}
@INPROCEEDINGS{papers-589,
   AUTHOR = {Cornegruta, Savelie and Vlachos, Andreas},
   SORTNAME = {Cornegruta, Savelie and Vlachos, Andreas},
   TITLE = {Timeline extraction using distant supervision and joint inference}}
@INPROCEEDINGS{papers-600,
   AUTHOR = {Zhou, Xiangyang and Dong, Daxiang and Wu, Hua and Zhao, Shiqi and Yu, Dianhai and Tian, Hao and Liu, Xuan and Yan, Rui},
   SORTNAME = {Zhou, Xiangyang and Dong, Daxiang and Wu, Hua and Zhao, Shiqi and Yu, Dianhai and Tian, Hao and Liu, Xuan and Yan, Rui},
   TITLE = {Multi-view Response Selection for Human-Computer Conversation}}
@INPROCEEDINGS{papers-601,
   AUTHOR = {Dong, Fei and Zhang, Yue},
   SORTNAME = {Dong, Fei and Zhang, Yue},
   TITLE = {Automatic Features for Essay Scoring --- An Empirical Study}}
@INPROCEEDINGS{papers-605,
   AUTHOR = {Zhang, Biao and Xiong, Deyi and su, jinsong and Liu, Qun and Ji, Rongrong and Duan, Hong and Zhang, Min},
   SORTNAME = {Zhang, Biao and Xiong, Deyi and su, jinsong and Liu, Qun and Ji, Rongrong and Duan, Hong and Zhang, Min},
   TITLE = {Variational Neural Discourse Relation Recognizer}}
@INPROCEEDINGS{papers-622,
   AUTHOR = {Apidianaki, Marianna},
   SORTNAME = {Apidianaki, Marianna},
   TITLE = {Vector-space models for PPDB paraphrase ranking in context}}
@INPROCEEDINGS{papers-629,
   AUTHOR = {Das, Abhishek and Agrawal, Harsh and Zitnick, Larry and Parikh, Devi and Batra, Dhruv},
   SORTNAME = {Das, Abhishek and Agrawal, Harsh and Zitnick, Larry and Parikh, Devi and Batra, Dhruv},
   TITLE = {Human Attention in Visual Question Answering: Do Humans and Deep Networks look at the same regions?}}
@INPROCEEDINGS{papers-063,
   AUTHOR = {Pavlick, Ellie and Ji, Heng and Pan, Xiaoman and Callison-Burch, Chris},
   SORTNAME = {Pavlick, Ellie and Ji, Heng and Pan, Xiaoman and Callison-Burch, Chris},
   TITLE = {The Gun Violence Database: A new task and data set for NLP}}
@INPROCEEDINGS{papers-630,
   AUTHOR = {Brunato, Dominique and Cimino, Andrea and Dell'Orletta, Felice and Venturi, Giulia},
   SORTNAME = {Brunato, Dominique and Cimino, Andrea and Dell'Orletta, Felice and Venturi, Giulia},
   TITLE = {PaCCSS-IT: A Parallel Corpus of Complex-Simple Sentences for Automatic Text Simplification}}
@INPROCEEDINGS{papers-632,
   AUTHOR = {Li, Jiwei and Monroe, Will and Ritter, Alan and Jurafsky, Dan and Galley, Michel and Gao, Jianfeng},
   SORTNAME = {Li, Jiwei and Monroe, Will and Ritter, Alan and Jurafsky, Dan and Galley, Michel and Gao, Jianfeng},
   TITLE = {Deep Reinforcement Learning for Dialogue Generation}}
@INPROCEEDINGS{papers-635,
   AUTHOR = {Pham, Ngoc-Quan and Kruszewski, Germán and Boleda, Gemma},
   SORTNAME = {Pham, Ngoc-Quan and Kruszewski, German and Boleda, Gemma},
   TITLE = {Convolutional Neural Network Language Models}}
@INPROCEEDINGS{papers-636,
   AUTHOR = {Wang, Yuan and Xiao, Yang and Ma, Chao and Xiao, Zhen},
   SORTNAME = {Wang, Yuan and Xiao, Yang and Ma, Chao and Xiao, Zhen},
   TITLE = {Improving Users' Demographic Prediction via the Videos They Talk about}}
@INPROCEEDINGS{papers-640,
   AUTHOR = {Oualil, Youssef and Singh, Mittul and Greenberg, Clayton and Klakow, Dietrich},
   SORTNAME = {Oualil, Youssef and Singh, Mittul and Greenberg, Clayton and Klakow, Dietrich},
   TITLE = {Long-Short Range Context Neural Networks for Language Modeling}}
@INPROCEEDINGS{papers-642,
   AUTHOR = {Özbal, Gözde and Strapparava, Carlo and Tekiroglu, Serra Sinem and Pighin, Daniele},
   SORTNAME = {Ozbal, Gozde and Strapparava, Carlo and Tekiroglu, Serra Sinem and Pighin, Daniele},
   TITLE = {Learning to Identify Metaphors from a Corpus of Proverbs}}
@INPROCEEDINGS{papers-651,
   AUTHOR = {Chakraborty, Tanmoy and Narayanam, Ramasuri},
   SORTNAME = {Chakraborty, Tanmoy and Narayanam, Ramasuri},
   TITLE = {All Fingers are not Equal: Intensity of References in Scientific Articles}}
@INPROCEEDINGS{papers-660,
   AUTHOR = {Rohlfs, Christopher and Chakraborty, Sunandan and Subramanian, Lakshminarayanan},
   SORTNAME = {Rohlfs, Christopher and Chakraborty, Sunandan and Subramanian, Lakshminarayanan},
   TITLE = {The Effects of the Content of FOMC Communications on US Treasury Rates}}
@INPROCEEDINGS{papers-662,
   AUTHOR = {Kunchukuttan, Anoop and Bhattacharyya, Pushpak},
   SORTNAME = {Kunchukuttan, Anoop and Bhattacharyya, Pushpak},
   TITLE = {Orthographic Syllable as basic unit for SMT between Related Languages}}
@INPROCEEDINGS{papers-663,
   AUTHOR = {Buckman, Jacob and Ballesteros, Miguel and Dyer, Chris},
   SORTNAME = {Buckman, Jacob and Ballesteros, Miguel and Dyer, Chris},
   TITLE = {Transition-Based Dependency Parsing with Heuristic Backtracking}}
@INPROCEEDINGS{papers-067,
   AUTHOR = {Tchernowitz, Ilan and Yedidsion, Liron and Reichart, Roi},
   SORTNAME = {Tchernowitz, Ilan and Yedidsion, Liron and Reichart, Roi},
   TITLE = {Effective Greedy Inference for Graph-based Non-Projective Dependency Parsing}}
@INPROCEEDINGS{papers-673,
   AUTHOR = {Mou, Lili and Meng, Zhao and Yan, Rui and Li, Ge and Xu, Yan and Zhang, Lu and Jin, Zhi},
   SORTNAME = {Mou, Lili and Meng, Zhao and Yan, Rui and Li, Ge and Xu, Yan and Zhang, Lu and Jin, Zhi},
   TITLE = {How Transferable are Neural Networks in NLP Applications?}}
@INPROCEEDINGS{papers-675,
   AUTHOR = {Tabassum, Jeniya and Ritter, Alan and Xu, Wei},
   SORTNAME = {Tabassum, Jeniya and Ritter, Alan and Xu, Wei},
   TITLE = {TweeTime : A Minimally Supervised Method for Recognizing and Normalizing Time Expressions in Twitter}}
@INPROCEEDINGS{papers-677,
   AUTHOR = {Napoles, Courtney and Sakaguchi, Keisuke and Tetreault, Joel},
   SORTNAME = {Napoles, Courtney and Sakaguchi, Keisuke and Tetreault, Joel},
   TITLE = {There's No Comparison: Reference-less Evaluation Metrics in Grammatical Error Correction}}
@INPROCEEDINGS{papers-679,
   AUTHOR = {Miller, Alexander and Fisch, Adam and Dodge, Jesse and Karimi, Amir-Hossein and Bordes, Antoine and Weston, Jason},
   SORTNAME = {Miller, Alexander and Fisch, Adam and Dodge, Jesse and Karimi, Amir-Hossein and Bordes, Antoine and Weston, Jason},
   TITLE = {Key-Value Memory Networks for Directly Reading Documents}}
@INPROCEEDINGS{papers-682,
   AUTHOR = {Zhang, Jiajun and Zong, Chengqing},
   SORTNAME = {Zhang, Jiajun and Zong, Chengqing},
   TITLE = {Exploiting Source-side Monolingual Data in Neural Machine Translation}}
@INPROCEEDINGS{papers-687,
   AUTHOR = {Nakazawa, Toshiaki and Richardson, John and Kurohashi, Sadao},
   SORTNAME = {Nakazawa, Toshiaki and Richardson, John and Kurohashi, Sadao},
   TITLE = {Insertion Position Selection Model for Flexible Non-Terminals in Dependency Tree-to-Tree Machine Translation}}
@INPROCEEDINGS{papers-691,
   AUTHOR = {Onishi, Takeshi and Wang, Hai and Bansal, Mohit and Gimpel, Kevin and McAllester, David},
   SORTNAME = {Onishi, Takeshi and Wang, Hai and Bansal, Mohit and Gimpel, Kevin and McAllester, David},
   TITLE = {Who did What: A Large-Scale Person-Centered Cloze Dataset}}
@INPROCEEDINGS{papers-007,
   AUTHOR = {Li, Qi and Li, Tianshi and Chang, Baobao},
   SORTNAME = {Li, Qi and Li, Tianshi and Chang, Baobao},
   TITLE = {Discourse Parsing with Attention-based Hierarchical Neural Networks}}
@INPROCEEDINGS{papers-701,
   AUTHOR = {Spithourakis, Georgios and Augenstein, Isabelle and Riedel, Sebastian},
   SORTNAME = {Spithourakis, Georgios and Augenstein, Isabelle and Riedel, Sebastian},
   TITLE = {Numerically Grounded Language Models for Semantic Error Correction}}
@INPROCEEDINGS{papers-702,
   AUTHOR = {Lippincott, Tom and Van Durme, Benjamin},
   SORTNAME = {Lippincott, Tom and Van Durme, Benjamin},
   TITLE = {Fluency detection on communication networks}}
@INPROCEEDINGS{papers-709,
   AUTHOR = {Ghazvininejad, Marjan and Shi, Xing and Choi, Yejin and Knight, Kevin},
   SORTNAME = {Ghazvininejad, Marjan and Shi, Xing and Choi, Yejin and Knight, Kevin},
   TITLE = {Generating Topical Poetry}}
@INPROCEEDINGS{papers-071,
   AUTHOR = {Berzak, Yevgeni and Huang, Yan and Barbu, Andrei and Korhonen, Anna and Katz, Boris},
   SORTNAME = {Berzak, Yevgeni and Huang, Yan and Barbu, Andrei and Korhonen, Anna and Katz, Boris},
   TITLE = {Anchoring and Agreement in Syntactic Annotations}}
@INPROCEEDINGS{papers-713,
   AUTHOR = {Peterson, Cole and Fyshe, Alona},
   SORTNAME = {Peterson, Cole and Fyshe, Alona},
   TITLE = {Poet Admits // Mute Cypher: Beam Search to find Mutually Enciphering Poetic Texts}}
@INPROCEEDINGS{papers-714,
   AUTHOR = {Ren, Xiang and He, Wenqi and Qu, Meng and Huang, Lifu and Ji, Heng and Han, Jiawei},
   SORTNAME = {Ren, Xiang and He, Wenqi and Qu, Meng and Huang, Lifu and Ji, Heng and Han, Jiawei},
   TITLE = {AFET: Automatic Fine-Grained Entity Typing by Hierarchical Partial-Label Embedding}}
@INPROCEEDINGS{papers-715,
   AUTHOR = {Junczys-Dowmunt, Marcin and Grundkiewicz, Roman},
   SORTNAME = {Junczys-Dowmunt, Marcin and Grundkiewicz, Roman},
   TITLE = {Phrase-based Machine Translation is State-of-the-Art for Automatic Grammatical Error Correction}}
@INPROCEEDINGS{papers-720,
   AUTHOR = {Lu, Wei and Chieu, Hai Leong and Löfgren, Jonathan},
   SORTNAME = {Lu, Wei and Chieu, Hai Leong and Lofgren, Jonathan},
   TITLE = {A General Regularization Framework for Domain Adaptation}}
@INPROCEEDINGS{papers-722,
   AUTHOR = {Krishnamurthy, Jayant and Tafjord, Oyvind and Kembhavi, Aniruddha},
   SORTNAME = {Krishnamurthy, Jayant and Tafjord, Oyvind and Kembhavi, Aniruddha},
   TITLE = {Semantic Parsing to Probabilistic Programs for Situated Question Answering}}
@INPROCEEDINGS{papers-728,
   AUTHOR = {Hai, Zhen and Zhao, Peilin and Cheng, Peng and Yang, Peng and Li, Xiao-Li and Li, Guangxia},
   SORTNAME = {Hai, Zhen and Zhao, Peilin and Cheng, Peng and Yang, Peng and Li, Xiao-Li and Li, Guangxia},
   TITLE = {Deceptive Review Spam Detection via Exploiting Task Relatedness and Unlabeled Data}}
@INPROCEEDINGS{papers-733,
   AUTHOR = {Vieira, Tim and Cotterell, Ryan and Eisner, Jason},
   SORTNAME = {Vieira, Tim and Cotterell, Ryan and Eisner, Jason},
   TITLE = {Speed-Accuracy Tradeoffs in Tagging with Variable-Order CRFs and Structured Sparsity}}
@INPROCEEDINGS{papers-737,
   AUTHOR = {Teng, Zhiyang and Vo, Duy Tin and Zhang, Yue},
   SORTNAME = {Teng, Zhiyang and Vo, Duy Tin and Zhang, Yue},
   TITLE = {Context-Sensitive Lexicon Features for Neural Sentiment Analysis}}
@INPROCEEDINGS{papers-074,
   AUTHOR = {Huang, Yu-Yang and Lin, Shou-De},
   SORTNAME = {Huang, Yu-Yang and Lin, Shou-De},
   TITLE = {Transferring User Interests Across Websites with Unstructured Text for Cold-Start Recommendation}}
@INPROCEEDINGS{papers-754,
   AUTHOR = {Gui, Lin and Wu, Dongyin and Xu, Ruifeng and Lu, Qin and Zhou, Yu},
   SORTNAME = {Gui, Lin and Wu, Dongyin and Xu, Ruifeng and Lu, Qin and Zhou, Yu},
   TITLE = {Event-Driven Emotion Cause Extraction with Corpus Construction}}
@INPROCEEDINGS{papers-758,
   AUTHOR = {Nakov, Preslav and Màrquez, Lluís and Guzmán, Francisco},
   SORTNAME = {Nakov, Preslav and Marquez, Lluis and Guzman, Francisco},
   TITLE = {It Takes Three to Tango: Triangulation Approach to Answer Ranking in Community Question Answering}}
@INPROCEEDINGS{papers-771,
   AUTHOR = {Jiang, Yong and Han, Wenjuan and Tu, Kewei},
   SORTNAME = {Jiang, Yong and Han, Wenjuan and Tu, Kewei},
   TITLE = {Unsupervised Neural Dependency Parsing}}
@INPROCEEDINGS{papers-772,
   AUTHOR = {Ballesteros, Miguel and Wanner, Leo},
   SORTNAME = {Ballesteros, Miguel and Wanner, Leo},
   TITLE = {A Neural Network Architecture for Multilingual Punctuation Generation}}
@INPROCEEDINGS{papers-781,
   AUTHOR = {Sanders, Jordan and Blanco, Eduardo},
   SORTNAME = {Sanders, Jordan and Blanco, Eduardo},
   TITLE = {Automatic Extraction of Implicit Interpretations from Modal Constructions}}
@INPROCEEDINGS{papers-791,
   AUTHOR = {Song, Linfeng and Zhang, Yue and Peng, Xiaochang and Wang, Zhiguo and Gildea, Daniel},
   SORTNAME = {Song, Linfeng and Zhang, Yue and Peng, Xiaochang and Wang, Zhiguo and Gildea, Daniel},
   TITLE = {AMR-to-text generation as a Traveling Salesman Problem}}
@INPROCEEDINGS{papers-792,
   AUTHOR = {Bhatia, Parminder and Guthrie, Robert and Eisenstein, Jacob},
   SORTNAME = {Bhatia, Parminder and Guthrie, Robert and Eisenstein, Jacob},
   TITLE = {Morphological Priors for Probabilistic Neural Word Embeddings}}
@INPROCEEDINGS{papers-799,
   AUTHOR = {Arthur, Philip and Neubig, Graham and Nakamura, Satoshi},
   SORTNAME = {Arthur, Philip and Neubig, Graham and Nakamura, Satoshi},
   TITLE = {Incorporating Discrete Translation Lexicons into Neural Machine Translation}}
@INPROCEEDINGS{papers-813,
   AUTHOR = {Stanovsky, Gabriel and Dagan, Ido},
   SORTNAME = {Stanovsky, Gabriel and Dagan, Ido},
   TITLE = {Creating a Large Benchmark for Open Information Extraction}}
@INPROCEEDINGS{papers-814,
   AUTHOR = {Kenyon-Dean, Kian and Cheung, Jackie Chi Kit and Precup, Doina},
   SORTNAME = {Kenyon-Dean, Kian and Cheung, Jackie Chi Kit and Precup, Doina},
   TITLE = {Verb Phrase Ellipsis Resolution Using Discriminative and Margin-Infused Algorithms}}
@INPROCEEDINGS{papers-817,
   AUTHOR = {Kober, Thomas and Weeds, Julie and Reffin, Jeremy and Weir, David},
   SORTNAME = {Kober, Thomas and Weeds, Julie and Reffin, Jeremy and Weir, David},
   TITLE = {Improving Sparse Word Representations with Distributional Inference for Semantic Composition}}
@INPROCEEDINGS{papers-819,
   AUTHOR = {Moritz, Maria and Wiederhold, Andreas and Pavlek, Barbara and Bizzoni, Yuri and Büchler, Marco},
   SORTNAME = {Moritz, Maria and Wiederhold, Andreas and Pavlek, Barbara and Bizzoni, Yuri and Buchler, Marco},
   TITLE = {Non-Literal Text Reuse in Historical Texts: An Approach to Identify Reuse Transformations and its Application to Bible Reuse}}
@INPROCEEDINGS{papers-820,
   AUTHOR = {Kuncoro, Adhiguna and Ballesteros, Miguel and Kong, Lingpeng and Dyer, Chris and Smith, Noah A.},
   SORTNAME = {Kuncoro, Adhiguna and Ballesteros, Miguel and Kong, Lingpeng and Dyer, Chris and Smith, Noah A.},
   TITLE = {Distilling an Ensemble of Greedy Dependency Parsers into One MST Parser}}
@INPROCEEDINGS{papers-821,
   AUTHOR = {Miyamoto, Yasumasa and Cho, Kyunghyun},
   SORTNAME = {Miyamoto, Yasumasa and Cho, Kyunghyun},
   TITLE = {Gated Word-Character Recurrent Language Model}}
@INPROCEEDINGS{papers-824,
   AUTHOR = {Espinosa Anke, Luis and Camacho-Collados, Jose and Delli Bovi, Claudio and Saggion, Horacio},
   SORTNAME = {Espinosa Anke, Luis and Camacho-Collados, Jose and Delli Bovi, Claudio and Saggion, Horacio},
   TITLE = {Supervised Distributional Hypernym Discovery via Domain Adaptation}}
@INPROCEEDINGS{papers-825,
   AUTHOR = {Card, Dallas and Gross, Justin and Boydstun, Amber and Smith, Noah A.},
   SORTNAME = {Card, Dallas and Gross, Justin and Boydstun, Amber and Smith, Noah A.},
   TITLE = {Analyzing Framing through the Casts of Characters in the News}}
@INPROCEEDINGS{papers-826,
   AUTHOR = {Nguyen, Thien Huu and Grishman, Ralph},
   SORTNAME = {Nguyen, Thien Huu and Grishman, Ralph},
   TITLE = {Modeling Skip-Grams for Event Detection with Convolutional Neural Networks}}
@INPROCEEDINGS{papers-827,
   AUTHOR = {Marinho, Zita and Martins, André F. T. and Cohen, Shay B. and Smith, Noah A.},
   SORTNAME = {Marinho, Zita and Martins, Andre F. T. and Cohen, Shay B. and Smith, Noah A.},
   TITLE = {Semi-Supervised Learning of Sequence Models with Method of Moments}}
@INPROCEEDINGS{papers-083,
   AUTHOR = {Venugopalan, Subhashini and Hendricks, Lisa Anne and Mooney, Raymond and Saenko, Kate},
   SORTNAME = {Venugopalan, Subhashini and Hendricks, Lisa Anne and Mooney, Raymond and Saenko, Kate},
   TITLE = {Improving LSTM-based Video Description with Linguistic Knowledge Mined from Text}}
@INPROCEEDINGS{papers-831,
   AUTHOR = {Tixier, Antoine and Malliaros, Fragkiskos and Vazirgiannis, Michalis},
   SORTNAME = {Tixier, Antoine and Malliaros, Fragkiskos and Vazirgiannis, Michalis},
   TITLE = {A Graph Degeneracy-based Approach to Keyword Extraction}}
@INPROCEEDINGS{papers-834,
   AUTHOR = {Ebrahimi, Javid and Dou, Dejing and Lowd, Daniel},
   SORTNAME = {Ebrahimi, Javid and Dou, Dejing and Lowd, Daniel},
   TITLE = {Weakly Supervised Tweet Stance Classification by Relational Bootstrapping}}
@INPROCEEDINGS{papers-840,
   AUTHOR = {Hamilton, William L. and Leskovec, Jure and Jurafsky, Dan},
   SORTNAME = {Hamilton, William L. and Leskovec, Jure and Jurafsky, Dan},
   TITLE = {Cultural Shift or Linguistic Drift? Comparing Two Computational Measures of Semantic Change}}
@INPROCEEDINGS{papers-842,
   AUTHOR = {Xu, Wenduan},
   SORTNAME = {Xu, Wenduan},
   TITLE = {LSTM Shift-Reduce CCG Parsing}}
@INPROCEEDINGS{papers-845,
   AUTHOR = {Cheng, Hao and Fang, Hao and He, Xiaodong and Gao, Jianfeng and Deng, Li},
   SORTNAME = {Cheng, Hao and Fang, Hao and He, Xiaodong and Gao, Jianfeng and Deng, Li},
   TITLE = {Bi-directional Attention with Agreement for Dependency Parsing}}
@INPROCEEDINGS{papers-849,
   AUTHOR = {Sim, Yanchuan and Routledge, Bryan and Smith, Noah A.},
   SORTNAME = {Sim, Yanchuan and Routledge, Bryan and Smith, Noah A.},
   TITLE = {Friends with Motives: Using Text to Infer Influence on SCOTUS}}
@INPROCEEDINGS{papers-850,
   AUTHOR = {Kočiský, Tomáš and Melis, Gábor and Grefenstette, Edward and Dyer, Chris and Ling, Wang and Blunsom, Phil and Hermann, Karl Moritz},
   SORTNAME = {Kocisky, Tomas and Melis, Gabor and Grefenstette, Edward and Dyer, Chris and Ling, Wang and Blunsom, Phil and Hermann, Karl Moritz},
   TITLE = {Semantic Parsing with Semi-Supervised Sequential Autoencoders}}
@INPROCEEDINGS{papers-857,
   AUTHOR = {Tilk, Ottokar and Demberg, Vera and Sayeed, Asad and Klakow, Dietrich and Thater, Stefan},
   SORTNAME = {Tilk, Ottokar and Demberg, Vera and Sayeed, Asad and Klakow, Dietrich and Thater, Stefan},
   TITLE = {Event participant modelling with neural networks}}
@INPROCEEDINGS{papers-858,
   AUTHOR = {Yu, Lei and Buys, Jan and Blunsom, Phil},
   SORTNAME = {Yu, Lei and Buys, Jan and Blunsom, Phil},
   TITLE = {Online Segment to Segment Neural Transduction}}
@INPROCEEDINGS{papers-859,
   AUTHOR = {Zoph, Barret and Yuret, Deniz and May, Jonathan and Knight, Kevin},
   SORTNAME = {Zoph, Barret and Yuret, Deniz and May, Jonathan and Knight, Kevin},
   TITLE = {Transfer Learning for Low-Resource Neural Machine Translation}}
@INPROCEEDINGS{papers-860,
   AUTHOR = {Roller, Stephen and Erk, Katrin},
   SORTNAME = {Roller, Stephen and Erk, Katrin},
   TITLE = {Relations such as Hypernymy: Identifying and Exploiting Hearst Patterns in Distributional Vectors for Lexical Entailment}}
@INPROCEEDINGS{papers-861,
   AUTHOR = {Demeester, Thomas and Rocktäschel, Tim and Riedel, Sebastian},
   SORTNAME = {Demeester, Thomas and Rocktaschel, Tim and Riedel, Sebastian},
   TITLE = {Lifted Rule Injection for Relation Embeddings}}
@INPROCEEDINGS{papers-863,
   AUTHOR = {Schumacher, Elliot and Eskenazi, Maxine and Frishkoff, Gwen and Collins-Thompson, Kevyn},
   SORTNAME = {Schumacher, Elliot and Eskenazi, Maxine and Frishkoff, Gwen and Collins-Thompson, Kevyn},
   TITLE = {Predicting the Relative Difficulty of Single Sentences With and Without Surrounding Context}}
@INPROCEEDINGS{papers-870,
   AUTHOR = {Liu, Pengfei and Qiu, Xipeng and Huang, Xuanjing},
   SORTNAME = {Liu, Pengfei and Qiu, Xipeng and Huang, Xuanjing},
   TITLE = {Deep Multi-Task Learning with Shared Memory for Text Classification}}
@INPROCEEDINGS{papers-871,
   AUTHOR = {Kawakami, Kazuya and Dyer, Chris and Routledge, Bryan and Smith, Noah A.},
   SORTNAME = {Kawakami, Kazuya and Dyer, Chris and Routledge, Bryan and Smith, Noah A.},
   TITLE = {Character Sequence Models for Colorful Words}}
@INPROCEEDINGS{papers-876,
   AUTHOR = {Akbik, Alan and kumar, vishwajeet and Li, Yunyao},
   SORTNAME = {Akbik, Alan and kumar, vishwajeet and Li, Yunyao},
   TITLE = {Towards Semi-Automatic Generation of Proposition Banks for Low-Resource Languages}}
@INPROCEEDINGS{papers-877,
   AUTHOR = {Liu, Pengfei and Qiu, Xipeng and Zhou, Yaqian and Chen, Jifan and Huang, Xuanjing},
   SORTNAME = {Liu, Pengfei and Qiu, Xipeng and Zhou, Yaqian and Chen, Jifan and Huang, Xuanjing},
   TITLE = {Modelling Interaction of Sentence Pair with Coupled-LSTMs}}
@INPROCEEDINGS{papers-883,
   AUTHOR = {Taghipour, Kaveh and Ng, Hwee Tou},
   SORTNAME = {Taghipour, Kaveh and Ng, Hwee Tou},
   TITLE = {A Neural Approach to Automated Essay Scoring}}
@INPROCEEDINGS{papers-886,
   AUTHOR = {Braud, Chloé and Denis, Pascal},
   SORTNAME = {Braud, Chloe and Denis, Pascal},
   TITLE = {Learning Connective-based Word Representations for Implicit Discourse Relation Identification}}
@INPROCEEDINGS{papers-887,
   AUTHOR = {B. Hashemi, Homa and Hwa, Rebecca},
   SORTNAME = {B. Hashemi, Homa and Hwa, Rebecca},
   TITLE = {An Evaluation of Parser Robustness for Ungrammatical Sentences}}
@INPROCEEDINGS{papers-889,
   AUTHOR = {Parikh, Ankur and Täckström, Oscar and Das, Dipanjan and Uszkoreit, Jakob},
   SORTNAME = {Parikh, Ankur and Tackstrom, Oscar and Das, Dipanjan and Uszkoreit, Jakob},
   TITLE = {A Decomposable Attention Model for Natural Language Inference}}
@INPROCEEDINGS{papers-089,
   AUTHOR = {Sha, Lei and Li, Sujian and Chang, Baobao and Sui, Zhifang and Jiang, Tingsong},
   SORTNAME = {Sha, Lei and Li, Sujian and Chang, Baobao and Sui, Zhifang and Jiang, Tingsong},
   TITLE = {Capturing Argument Relationship for Chinese Semantic Role Labeling}}
@INPROCEEDINGS{papers-900,
   AUTHOR = {Litman, Diane and Paletz, Susannah and Rahimi, Zahra and Allegretti, Stefani and Rice, Caitlin},
   SORTNAME = {Litman, Diane and Paletz, Susannah and Rahimi, Zahra and Allegretti, Stefani and Rice, Caitlin},
   TITLE = {The Teams Corpus and Entrainment in Multi-Party Spoken Dialogues}}
@INPROCEEDINGS{papers-901,
   AUTHOR = {Kim, Young-Bum and Rochette, Alexandre and Sarikaya, Ruhi},
   SORTNAME = {Kim, Young-Bum and Rochette, Alexandre and Sarikaya, Ruhi},
   TITLE = {Natural Language Model Re-usability for Scaling to Different Domains}}
@INPROCEEDINGS{papers-903,
   AUTHOR = {Rajpurkar, Pranav and Zhang, Jian and Lopyrev, Konstantin and Liang, Percy},
   SORTNAME = {Rajpurkar, Pranav and Zhang, Jian and Lopyrev, Konstantin and Liang, Percy},
   TITLE = {SQuAD: 100,000+ Questions for Machine Comprehension of Text}}
@INPROCEEDINGS{papers-905,
   AUTHOR = {Kiddon, Chloé and Zettlemoyer, Luke and Choi, Yejin},
   SORTNAME = {Kiddon, Chloe and Zettlemoyer, Luke and Choi, Yejin},
   TITLE = {Globally Coherent Text Generation with Neural Checklist Models}}
@INPROCEEDINGS{papers-906,
   AUTHOR = {Barak, Libby and Goldberg, Adele E. and Stevenson, Suzanne},
   SORTNAME = {Barak, Libby and Goldberg, Adele E. and Stevenson, Suzanne},
   TITLE = {Comparing Computational Cognitive Models of Generalization in a Language Acquisition Task}}
@INPROCEEDINGS{papers-910,
   AUTHOR = {Lee, Kenton and Lewis, Mike and Zettlemoyer, Luke},
   SORTNAME = {Lee, Kenton and Lewis, Mike and Zettlemoyer, Luke},
   TITLE = {Global Neural CCG Parsing with Optimality Guarantees}}
@INPROCEEDINGS{papers-920,
   AUTHOR = {He, Luheng and Michael, Julian and Lewis, Mike and Zettlemoyer, Luke},
   SORTNAME = {He, Luheng and Michael, Julian and Lewis, Mike and Zettlemoyer, Luke},
   TITLE = {Human-in-the-Loop Parsing}}
@INPROCEEDINGS{papers-923,
   AUTHOR = {Schmaltz, Allen and Rush, Alexander M. and Shieber, Stuart},
   SORTNAME = {Schmaltz, Allen and Rush, Alexander M. and Shieber, Stuart},
   TITLE = {Word Ordering Without Syntax}}
@INPROCEEDINGS{papers-093,
   AUTHOR = {Grycner, Adam and Weikum, Gerhard},
   SORTNAME = {Grycner, Adam and Weikum, Gerhard},
   TITLE = {POLY: Mining Relational Paraphrases from Multilingual Sentences}}
@INPROCEEDINGS{papers-930,
   AUTHOR = {Liu, Changsong and Yang, Shaohua and Saba-Sadiya, Sari and Shukla, Nishant and He, Yunzhong and Zhu, Song-chun and Chai, Joyce},
   SORTNAME = {Liu, Changsong and Yang, Shaohua and Saba-Sadiya, Sari and Shukla, Nishant and He, Yunzhong and Zhu, Song-chun and Chai, Joyce},
   TITLE = {Jointly Learning Grounded Task Structures from Language Instruction and Visual Demonstration}}
@INPROCEEDINGS{papers-940,
   AUTHOR = {Li, Tao and Srikumar, Vivek},
   SORTNAME = {Li, Tao and Srikumar, Vivek},
   TITLE = {Exploiting Sentence Similarities for Better Alignments}}
@INPROCEEDINGS{papers-943,
   AUTHOR = {Tran, Trang and Ostendorf, Mari},
   SORTNAME = {Tran, Trang and Ostendorf, Mari},
   TITLE = {Characterizing the Language of Online Communities and its Relation to Community Reception}}
@INPROCEEDINGS{papers-945,
   AUTHOR = {Martínez-Gómez, Pascual and Miyao, Yusuke},
   SORTNAME = {Martinez-Gomez, Pascual and Miyao, Yusuke},
   TITLE = {Rule Extraction for Tree-to-Tree Transducers by Cost Minimization}}
@INPROCEEDINGS{papers-946,
   AUTHOR = {Wang, Weibo and Moh'd, Abidalrahman and Islam, Aminul and Soto, Axel and Milios, Evangelos},
   SORTNAME = {Wang, Weibo and Moh'd, Abidalrahman and Islam, Aminul and Soto, Axel and Milios, Evangelos},
   TITLE = {Non-uniform Language Detection in Technical Writing}}
@INPROCEEDINGS{papers-958,
   AUTHOR = {Ray, Arijit and Christie, Gordon and Bansal, Mohit and Batra, Dhruv and Parikh, Devi},
   SORTNAME = {Ray, Arijit and Christie, Gordon and Bansal, Mohit and Batra, Dhruv and Parikh, Devi},
   TITLE = {Question Relevance in VQA: Identifying Non-Visual And False-Premise Questions}}
@INPROCEEDINGS{papers-959,
   AUTHOR = {Christie, Gordon and Laddha, Ankit and Agrawal, Aishwarya and Antol, Stanislaw and Goyal, Yash and Kochersberger, Kevin and Batra, Dhruv},
   SORTNAME = {Christie, Gordon and Laddha, Ankit and Agrawal, Aishwarya and Antol, Stanislaw and Goyal, Yash and Kochersberger, Kevin and Batra, Dhruv},
   TITLE = {Resolving Language and Vision Ambiguities Together: Joint Segmentation \& Prepositional Attachment Resolution in Captioned Scenes}}
@INPROCEEDINGS{papers-960,
   AUTHOR = {Qu, Lizhen and Ferraro, Gabriela and Zhou, Liyuan and Hou, Weiwei and Baldwin, Timothy},
   SORTNAME = {Qu, Lizhen and Ferraro, Gabriela and Zhou, Liyuan and Hou, Weiwei and Baldwin, Timothy},
   TITLE = {Named Entity Recognition for Novel Types by Transfer Learning}}
@INPROCEEDINGS{papers-097,
   AUTHOR = {Cotterell, Ryan and Kumar, Arun and Schütze, Hinrich},
   SORTNAME = {Cotterell, Ryan and Kumar, Arun and Schutze, Hinrich},
   TITLE = {Morphological Segmentation Inside-Out}}
@INPROCEEDINGS{papers-979,
   AUTHOR = {Kraft, Peter and Jain, Hirsh and Rush, Alexander M.},
   SORTNAME = {Kraft, Peter and Jain, Hirsh and Rush, Alexander M.},
   TITLE = {An Embedding Model for Predicting Roll-Call Votes}}
@INPROCEEDINGS{papers-985,
   AUTHOR = {Huang, Ruihong and Cases, Ignacio and Jurafsky, Dan and Condoravdi, Cleo and Riloff, Ellen},
   SORTNAME = {Huang, Ruihong and Cases, Ignacio and Jurafsky, Dan and Condoravdi, Cleo and Riloff, Ellen},
   TITLE = {Distinguishing Past, On-going, and Future Events: The EventStatus Corpus}}
@INPROCEEDINGS{papers-991,
   AUTHOR = {Louvan, Samuel and Naik, Chetan and Kumaravel, Sadhana and Kwon, Heeyoung and Balasubramanian, Niranjan and Clark, Peter},
   SORTNAME = {Louvan, Samuel and Naik, Chetan and Kumaravel, Sadhana and Kwon, Heeyoung and Balasubramanian, Niranjan and Clark, Peter},
   TITLE = {Cross Sentence Inference for Process Knowledge}}
@INPROCEEDINGS{papers-993,
   AUTHOR = {Aubakirova, Malika and Bansal, Mohit},
   SORTNAME = {Aubakirova, Malika and Bansal, Mohit},
   TITLE = {Interpreting Neural Networks to Improve Politeness Comprehension}}
@INPROCEEDINGS{papers-997,
   AUTHOR = {Lei, Tao and Barzilay, Regina and Jaakkola, Tommi},
   SORTNAME = {Lei, Tao and Barzilay, Regina and Jaakkola, Tommi},
   TITLE = {Rationalizing Neural Predictions}}
