@INPROCEEDINGS{LOUHI-010,
   AUTHOR = {Yu, Zhiguo and Cohen, Trevor and Wallace, Byron and Bernstam, Elmer and Johnson, Todd},
   SORTNAME = {Yu, Zhiguo and Cohen, Trevor and Wallace, Byron and Bernstam, Elmer and Johnson, Todd},
   TITLE = {Retrofitting Word Vectors of MeSH Terms to Improve Semantic Similarity Measures}}
@INPROCEEDINGS{LOUHI-011,
   AUTHOR = {Spithourakis, Georgios and Petersen, Steffen and Riedel, Sebastian},
   SORTNAME = {Spithourakis, Georgios and Petersen, Steffen and Riedel, Sebastian},
   TITLE = {Clinical Text Prediction with Numerically Grounded Conditional Language Models}}
@INPROCEEDINGS{LOUHI-014,
   AUTHOR = {Kirchhoff, Katrin and Turner, Anne M.},
   SORTNAME = {Kirchhoff, Katrin and Turner, Anne M.},
   TITLE = {Unsupervised Resolution of Acronyms and Abbreviations in Nursing Notes Using Document-Level Context Models}}
@INPROCEEDINGS{LOUHI-015,
   AUTHOR = {D'hondt, Eva and Grouin, Cyril and Grau, Brigitte},
   SORTNAME = {D'hondt, Eva and Grouin, Cyril and Grau, Brigitte},
   TITLE = {Low-resource OCR error detection and correction in French Clinical Texts}}
@INPROCEEDINGS{LOUHI-016,
   AUTHOR = {Munkhdalai, Tsendsuren and Lalor, John and Yu, Hong},
   SORTNAME = {Munkhdalai, Tsendsuren and Lalor, John and Yu, Hong},
   TITLE = {Citation Analysis with Neural Attention Models}}
@INPROCEEDINGS{LOUHI-017,
   AUTHOR = {Neveol, Aurelie and Cohen, Kevin and Grouin, Cyril and Robert, Aude},
   SORTNAME = {Neveol, Aurelie and Cohen, Kevin and Grouin, Cyril and Robert, Aude},
   TITLE = {Replicability of Research in Biomedical Natural Language Processing: a pilot evaluation for a coding task}}
@INPROCEEDINGS{LOUHI-019,
   AUTHOR = {Zweigenbaum, Pierre and Lavergne, Thomas},
   SORTNAME = {Zweigenbaum, Pierre and Lavergne, Thomas},
   TITLE = {Hybrid methods for ICD-10 coding of death certificates}}
@INPROCEEDINGS{LOUHI-021,
   AUTHOR = {Huang, Chung-Chi and Lu, Zhiyong},
   SORTNAME = {Huang, Chung-Chi and Lu, Zhiyong},
   TITLE = {Exploring Query Expansion for Entity Searches in PubMed}}
@INPROCEEDINGS{LOUHI-022,
   AUTHOR = {Cornegruta, Savelie and Bakewell, Robert and Withey, Samuel and Montana, Giovanni},
   SORTNAME = {Cornegruta, Savelie and Bakewell, Robert and Withey, Samuel and Montana, Giovanni},
   TITLE = {Modelling Radiological Language with Bidirectional Long Short-Term Memory Networks}}
@INPROCEEDINGS{LOUHI-023,
   AUTHOR = {Collier, Nigel},
   SORTNAME = {Collier, Nigel},
   TITLE = {NLP and Online Health Reports: What do we say and what do we mean?}}
@INPROCEEDINGS{LOUHI-004,
   AUTHOR = {Kokkinakis, Dimitrios and Lundholm Fors, Kristina and Nordlund, Arto},
   SORTNAME = {Kokkinakis, Dimitrios and Lundholm Fors, Kristina and Nordlund, Arto},
   TITLE = {Data Resource Acquisition from People at Various Stages of Cognitive Decline --- Design and Exploration Considerations}}
@INPROCEEDINGS{LOUHI-007,
   AUTHOR = {Rey-Villamizar, Nicolas and Shrestha, Prasha and Sadeque, Farig and Bethard, Steven and Pedersen, Ted and Mukherjee, Arjun and Solorio, Thamar},
   SORTNAME = {Rey-Villamizar, Nicolas and Shrestha, Prasha and Sadeque, Farig and Bethard, Steven and Pedersen, Ted and Mukherjee, Arjun and Solorio, Thamar},
   TITLE = {Analysis of Anxious Word Usage on Online Health Forums}}
@INPROCEEDINGS{LOUHI-008,
   AUTHOR = {Chalapathy, Raghavendra and Zare Borzeshi, Ehsan and Piccardi, Massimo},
   SORTNAME = {Chalapathy, Raghavendra and Zare Borzeshi, Ehsan and Piccardi, Massimo},
   TITLE = {An Investigation of Recurrent Neural Architectures for Drug Name Recognition}}
@INPROCEEDINGS{LOUHI-009,
   AUTHOR = {Ferracane, Elisa and Marshall, Iain and Wallace, Byron C. and Erk, Katrin},
   SORTNAME = {Ferracane, Elisa and Marshall, Iain and Wallace, Byron C. and Erk, Katrin},
   TITLE = {Leveraging coreference to identify arms in medical abstracts: An experimental study}}
